2936 4928
239 251 283 316 44
755 251 911 308 canutus

189 401 231 467 69
327 393 385 456 Sed
414 397 578 458 maximum
606 404 652 480 est¹
679 398 711 456 in
739 398 871 457 amicitia
898 413 1001 475 parem
1031 414 1096 456 esse
1124 397 1272 458 inferiori.
1320 395 1429 475 Saepe
1458 399 1459 414 ¹

243 484 324 543 enim
353 479 546 540 excellentiae
576 481 722 558 quaedam
750 490 838 549 sunt,
868 481 965 560 qualis
988 487 1053 541 erat
1075 481 1225 560 Scipionis
1247 483 1278 540 in
1301 491 1428 552 nostro,
1458 557 1459 566 ἵ

240 573 275 626 ut
302 569 343 626 ita
371 565 483 634 dicam,
513 581 614 644 grege.
660 564 819 644 Nunquam
848 584 879 625 se
908 567 958 626 ille
980 565 1082 636 Philo,
1111 583 1264 643 nunquam
1285 565 1428 645 Rupilio,

241 667 395 728 nunquam
417 647 561 710 Mummio
590 654 773 728 anteposuit,
804 665 957 728 nunquam
984 652 1139 710 inl'erioris
1162 649 1278 710 ordinis
1301 654 1427 712 amicis.

242 733 276 804 Q.
307 751 376 794 vero
398 731 559 794 Maximum
587 736 727 804 fratrem,
757 737 912 812 egregium
934 737 1033 796 virum
1055 737 1195 804 omniuo,
1224 733 1283 794 sibi
1307 753 1429 813 nequa-

241 837 330 897 quam
353 835 471 896 parem,
495 818 575 896 quod
598 819 624 879 is
647 817 780 879 anteibat
795 825 904 889 aetate,
929 826 1080 897 tamquam
1096 821 1285 897 superiorem
1301 817 1431 880 colebat

191 903 232 968 70
243 920 374 980 suosque
402 921 505 962 omnes
532 920 587 982 per
616 922 647 963 se
677 921 742 963 esse
770 903 931 982 ampliores
958 899 1085 964 volebat.
1131 901 1216 970 Quod
1245 903 1426 964 laciendum

242 987 481 1064 imitandumque
503 995 548 1046 est
569 985 724 1055 omnibus,
748 995 795 1056 nt,
820 991 845 1047 si
868 1005 958 1066 quam
980 990 1195 1066 praestantiam
1209 991 1347 1058 virtutiS,
1375 992 1427 1048 in·

241 1073 338 1149 genii,
361 1072 500 1131 fortunae
522 1075 677 1134 consecuti
700 1075 776 1141 sint,
800 1073 975 1151 impertiant
997 1091 1031 1132 ea
1055 1075 1118 1134 suis
1134 1075 1426 1152 communicentque

241 1175 311 1217 cum
332 1157 492 1234 proximis;
515 1164 562 1224 ut,
587 1160 613 1219 si
634 1156 812 1236 parentibus
830 1159 892 1218 nati
910 1160 971 1218 sint
986 1156 1166 1225 humilibus,
1190 1159 1215 1216 si
1230 1160 1426 1236 propinquos

242 1240 372 1300 habeant
400 1237 614 1302 imbecilliores
642 1241 687 1300 vel
710 1243 810 1302 animo
832 1241 878 1301 vel
901 1241 1036 1310 iortuna,
1066 1259 1170 1302 eorum
1194 1250 1323 1319 augeant
1346 1261 1427 1321 opes

243 1328 346 1402 eisque
368 1322 477 1384 honori
500 1326 560 1386 sint
579 1333 609 1386 et
632 1324 785 1404 dignitati:
808 1327 884 1386 utin
909 1324 1034 1395 sabulis,
1059 1327 1112 1404 qui
1127 1323 1312 1404 aliquamdiu
1328 1345 1426 1406 prop·

243 1418 290 1469 ter
319 1411 539 1485 ignorationem
567 1413 671 1489 stirpis
694 1419 722 1471 et
745 1413 866 1488 generis
889 1412 921 1470 in
943 1409 1088 1470 famulatu
1110 1411 1249 1480 luerunt,
1278 1429 1348 1471 cum
1373 1430 1425 1470 co-

243 1495 318 1570 gniti
349 1499 420 1553 sunt
449 1499 478 1553 et
505 1501 556 1553 aut
578 1494 704 1556 deorum
727 1502 778 1555 aut
800 1512 904 1572 regum
926 1495 982 1555 filii
1005 1496 1134 1563 inventi,
1163 1497 1297 1555 retinent
1318 1503 1425 1555 tamen

244 1579 398 1638 caritatem
430 1578 461 1635 in
494 1587 641 1656 pastores,
676 1597 750 1658 quos
782 1587 883 1658 patres
916 1578 1024 1638 multos
1053 1595 1146 1639 annos
1176 1595 1241 1638 esse
1270 1579 1424 1640 duxerint.
1459 1609 1460 1666 q

244 1660 328 1731 Quod
358 1668 402 1720 est
430 1661 523 1722 multo
550 1664 686 1741 proiecto
712 1666 806 1742 magis
827 1664 858 1724 in
880 1665 957 1723 veris
980 1662 1114 1742 patribus
1136 1665 1286 1741 certisque
1308 1664 1426 1724 facien·
1459 1673 1460 1746 t

245 1745 323 1804 dum.
369 1745 494 1806 Fructus
523 1748 601 1808 enim
629 1749 743 1826 ingenii
766 1756 796 1808 et
817 1749 933 1808 virtutis
956 1749 1112 1826 omnisque
1134 1750 1333 1826 praestantiae
1357 1757 1425 1809 tum
1459 1769 1460 1818 i

245 1831 390 1890 maximus
413 1831 542 1908 capitur,
566 1849 635 1894 cum
656 1835 688 1893 in
711 1834 881 1912 proximum
903 1850 1053 1912 quemque
1075 1831 1238 1894 confertur.
1459 1831 1460 1844 ¹

194 1910 233 1972 71
328 1913 392 1974 XX.
426 1914 464 1975 ln
493 1916 584 1992 igitur
610 1918 647 1992 ii,
677 1919 727 1996 qui
750 1923 819 1978 sunt
844 1918 875 1977 in
899 1918 1045 1977 amicitiae
1068 1917 1345 1995 coniunctionisque
1370 1935 1426 1978 ne·
1459 1913 1460 1964 f

246 1997 425 2058 cessitudine
452 2001 638 2078 superiores,
670 2019 837 2080 exaequare
865 2019 898 2062 se
920 2018 988 2061 curn
1010 1999 1201 2060 inferioribus
1223 1999 1347 2070 debent,
1380 2005 1426 2061 sic
1459 2017 1460 2026 ¹

244 2084 405 2143 inferiores
427 2101 488 2143 non
511 2082 613 2145 dolere
635 2104 667 2146 se
690 2105 706 2148 a
729 2088 791 2146 suis
813 2094 863 2146 aut
877 2085 996 2163 ingenio
1012 2092 1062 2144 aut
1076 2084 1196 2146 fortuna
1212 2091 1262 2145 aut
1276 2085 1425 2162 dignitate

245 2170 391 2246 superari.
438 2166 570 2237 Quorum
593 2169 731 2250 plerique
754 2177 805 2231 aut
820 2176 988 2248 queruntur
1003 2187 1120 2248 semper
1135 2168 1249 2248 aliquid
1264 2178 1316 2231 aut
1331 2172 1424 2230 etiam

246 2249 442 2330 exprobrant,
479 2270 573 2330 eoque
600 2257 708 2332 magis,
738 2257 765 2314 si
791 2254 904 2314 hahere
932 2272 964 2314 se
992 2261 1097 2333 putant
1124 2254 1205 2332 quod
1232 2253 1365 2316 oiliciose
1395 2263 1426 2314 et

245 2337 340 2395 amice
369 2341 398 2394 et
427 2352 494 2395 cum
523 2335 626 2398 labore
653 2339 753 2417 aliquo
782 2357 836 2399 suo
865 2337 974 2398 iactum
1003 2345 1113 2417 queant
1140 2338 1253 2400 dicere:
1283 2337 1424 2400 odiosum

246 2437 317 2479 sane
341 2437 434 2497 genus
457 2419 613 2484 hominum
636 2422 733 2484 officia
757 2420 1015 2503 exprobrantium,
1040 2440 1117 2501 quae
1140 2424 1310 2502 meminisse
1333 2423 1427 2484 debet

282 2659 806 2734 §.dbeccellentiae=hervorragende
861 2662 925 2716 dem
947 2663 1111 2717 Ausdruclxe
1138 2663 1292 2729 famulatos
1312 2663 1343 2716 in
1368 2665 1424 2718 den

245 2729 487 2800 Erecheinungen,
506 2732 773 2788 Perebnliehkeiien.
860 2732 1146 2804 Vordergrundbribi3
1160 2734 1424 2788 wdhrendseroitos

281 2806 313 2854 ui
334 2802 377 2855 itu
399 2803 496 2856 dicam.
529 2803 610 2856 Aueh
634 2803 706 2858 ohne
729 2805 805 2860 diese
861 2803 906 2858 die
940 2803 1184 2858 siaaisrechiliche
1213 2805 1343 2876 Stellung
1373 2806 1423 2860 der

244 2871 405 2942 Milderung
424 2875 489 2942 sagi
507 2871 562 2926 Cic.
582 2873 671 2942 Epist.
692 2875 728 2928 ad
745 2876 804 2930 Art.
861 2873 984 2929 Sklaven
1002 2875 1180 2930 hervorhebt.

247 2949 275 3008 1,
296 2948 342 3023 ιε,
367 2948 380 2995 1
401 2943 438 2996 ai
455 2943 806 3025 saepenominatus
895 2961 1425 3034 μοιμοι.οιτοοιμςιοιοιιοιοοο

246 3027 395 3066 amicornm
412 3013 604 3068 deisseddtmiii·
861 3049 897 3086 an
915 3031 960 3086 fur
979 3033 1023 3087 die
1042 3033 1200 3089 Forbdouer
1219 3035 1268 3088 der
1286 3034 1381 3089 Liebe.

283 3083 310 3135 P
309 3083 373 3137 Ῑῑῑῖθ·
407 3081 433 3138 S·
458 3102 493 3138 ΖΠ
516 3089 539 3150 ἕ*
566 3091 606 3140 ¹4·
627 3116 660 3125 “
679 3085 804 3156 Rupilia
890 3124 1082 3189 praestantiae
1101 3147 1134 3166 =
1153 3123 1326 3192 bevorzugtc
1350 3122 1423 3176 atet-

246 3153 433 3290 sffmpimioz
460 3225 539 3280 nicht
556 3225 604 3293 Β,
630 3228 680 3281 der
704 3245 728 3282 a.
754 3235 805 3284 146
859 3191 929 3262 lang
948 3192 1207 3263 (Nffisselsblwhl'

246 3294 367 3348 Korinih
390 3297 536 3364 ceratitim
562 3297 683 3352 condem
706 3299 807 3354 deesen
879 3282 1243 3364 ,5·⁷12⁰⁰lii²⁴lwli‘liil⁸lll0·
1258 3282 1423 3336 mesdei
1460 3267 1461 3290 l

245 3366 353 3420 ΒΜῙΘΥ
362 3365 410 3436 Sp,
426 3367 479 3436 (27,
495 3367 806 3440 101),91nemeiffigen
860 3351 1050 3420 e1genthchen
1060 3353 1424 3408 amicitiomivorherauoh

247 3435 371 3506 swiker,
399 3454 476 3507 quem
503 3439 534 3492 q„
551 3440 654 3508 primis
676 3441 807 3509 diliyebat
860 3421 1237 3502 dieBluisverwandbsohofi
1252 3423 1318 3493 (vgl.
1335 3429 1360 3491 5,
1376 3427 1423 3492 19)

246 3507 341 3575 Scipio
361 3507 427 3575 (Cic.
447 3508 482 3563 de
501 3525 531 3562 re
549 3527 577 3578 p.
600 3516 628 3577 1,
649 3517 695 3576 ιι,
716 3515 769 3580 18).
859 3495 912 3546 mu
930 3493 1152 3564 herangezogen.

283 3578 314 3647 Q.
330 3579 498 3634 Maximum.
513 3579 540 3634 S.
555 3597 590 3633 zu
605 3585 627 3646 ξ.
643 3587 658 3635 9
675 3581 805 3636 Paulum.
895 3586 1003 3649 queunt.
1031 3581 1057 3636 S.
1078 3599 1112 3636 zu
1132 3587 1154 3647 §-
1175 3588 1207 3636 41
1227 3597 1284 3636 non
1302 3597 1377 3650 queo.

247 3650 406 3771 O'gmgmo'
425 3649 626 3776 allle3rdi4xggs.
647 3651 742 3777 §ob-26,
758 3659 804 3720 983
862 3721 880 3777 d
896 3653 1018 3778 ἷιζῖοἶνοι
1027 3669 1119 3724 μοιμοι.
1140 3653 1166 3706 S.
1178 3670 1213 3706 zu
1223 3657 1246 3718 ξ.
1259 3657 1292 3707 67
1302 3653 1424 3722 indique

268 3735 303 3772 1.
347 3735 442 3774 esen.
629 3739 781 3777 uuerco
881 3740 929 3776 ιιι
1001 3764 1007 3778 ,

246 3789 400 3856 sodalibus,
423 3762 533 3845 omoiilo
551 3737 666 3860 nobiae,
684 3795 731 3848 ced
749 3741 809 3850 erg}
897 3740 999 3868 ambitio
1014 3799 1247 3868 exprobrantium.
1280 3799 1344 3870 Vgl.
1369 3801 1424 3854 De-

247 3859 360 3930 quidam
377 3861 468 3928 fervor
487 3864 592 3916 aetatis.
861 3871 962 3925 mosth.
992 3871 1027 3925 de
1055 3885 1147 3924 coron.
1176 3877 1227 3925 269
1256 3867 1288 3925 ιὸ
1313 3868 1346 3926 δὲ
1370 3867 1424 3934 τὰς

283 3937 306 3998 ξ.
322 3935 363 3986 70.
383 3936 427 3998 ui,
445 3933 471 3986 oi
479 3933 644 4002 parentibus
656 3951 724 3989 usw.
743 3935 807 3990 Die·
861 3937 941 4003 ἰδίας
953 3933 1117 4010 εὐεργεσίας
1127 3933 1360 4022 ὑπομιμνήσκειν
1372 3941 1423 3994 καὶ

248 4020 292 4057 ser
315 4001 413 4058 zweibe
436 4002 554 4058 art-Sabe
573 4003 637 4074 gibt
655 4005 700 4060 die
719 4005 807 4076 Folge
864 4004 960 4076 λέγειν
979 4007 1084 4078 μικροῦ
1104 4008 1169 4062 δεῖν
1188 3999 1292 4078 ὅμοιον
1310 4003 1370 4062 ἐστι
1383 4007 1423 4080 τῷ

248 4075 296 4128 des
315 4074 565 4146 vorhergehendcn
585 4091 628 4130 an.
863 4070 1080 4148 ὀνειδίζεινς
1113 4075 1193 4131 Brief
1216 4075 1265 4130 des
1290 4075 1424 4143 Jacobus,

283 4146 379 4214 stirpis
405 4145 486 4200 weist
509 4146 560 4200 auf
580 4143 625 4199 die
649 4146 808 4200 natdrliehe
864 4155 892 4215 1,
911 4154 927 4200 5
947 4147 1005 4202 der
1024 4146 1065 4201 de
1082 4145 1160 4216 gibt
1178 4145 1424 4218 einftiliiglich

247 4216 455 4287 Abstemmung
476 4217 539 4284 hin;
562 4217 668 4286 perceris
691 4217 742 4270 auf
763 4217 808 4272 die
859 4217 1062 4286 jedermann
1094 4218 1162 4271 und
1188 4222 1319 4272 rochete
1351 4219 1424 4272 nie·

249 4285 352 4342 sociale
371 4286 512 4357 Stellung‚
536 4287 642 4342 welche
666 4287 739 4342 auch
761 4287 808 4342 bei
862 4288 962 4342 mand
976 4294 1024 4342 eut
1037 4285 1148 4360 (aul'plq
1160 4283 1424 4359 ὀνειδίζοντος.)
