2936 4928
221 237 264 302 34
552 185 554 192 ¹
645 227 648 232 ·
735 227 890 282 cancros

167 387 211 452 46
223 383 306 445 Alios
321 387 421 442 autem
437 377 538 438 dicere
554 376 637 436 aiunt
648 373 742 434 multo
756 375 848 434 etiam
859 372 1053 434 inhumanius
1066 407 1104 416 -
1119 391 1207 453 quem
1219 373 1318 435 locum
1330 374 1410 434 bre·

222 469 300 527 viter
312 462 401 545 paulo
414 470 482 524 ante
496 461 660 539 perstrinxi
670 491 712 502 -
722 457 865 536 praesidii
879 457 1105 537 adiumentique
1117 476 1216 528 causa,
1233 477 1292 519 non
1307 459 1407 519 bene·
1457 453 1459 516 2

222 552 369 612 volentiae
385 564 482 624 neque
498 545 633 606 caritatis
649 545 797 604 amicitias
814 558 879 602 esse
895 543 1092 620 expetendas:
1109 545 1211 624 itaque
1226 545 1408 622 utquisque
1457 525 1459 624 l

220 638 381 698 minimum
395 631 546 692 firmitatis
560 627 686 688 haberet
705 628 924 706 minimumque
940 629 1060 696 virium,
1088 629 1130 687 ita
1146 630 1293 688 amicitias
1309 645 1406 708 appe·
1457 631 1459 690 t

222 729 287 781 tere
309 719 454 780 maxime:
478 733 515 775 ex
530 731 565 773 eo
581 713 647 774 lieri
663 718 697 772 ut
711 710 906 772 mulierculae
921 714 1017 788 magis
1033 713 1233 773 amicitiarum
1248 713 1405 792 praesidia
1457 709 1459 768 ἓ

222 809 368 884 quaerant
379 819 470 881 quam
481 801 547 867 viri,
561 805 591 858 et
604 799 710 874 inopes
722 814 810 874 quam
823 794 969 876 opulenti,
988 801 1018 856 et
1030 795 1196 858 calamitosi
1209 815 1298 876 quam
1311 799 1335 858 ii
1349 800 1406 877 qui
1458 811 1459 878 j

169 893 211 957 47
224 894 367 968 putentur
390 885 480 946 beati.
525 881 757 962 Opraeclaram
780 881 971 959 sapientiam!
1021 880 1125 946 Solem¹
1144 884 1225 942 enim
1248 901 1264 942 e
1286 881 1405 943 mundo
1457 895 1459 930 ε

223 973 329 1034 tollere
352 971 501 1038 videntur,
525 969 578 1046 qui
600 967 763 1026 amicitiam
786 983 802 1024 e
825 967 887 1024 vita
909 963 1032 1034 tollunt,
1056 984 1114 1044 qua
1135 965 1212 1026 nihil
1234 985 1251 1026 a
1274 966 1321 1026 dis
1344 969 1405 1026 im·
1457 967 1459 1030 ἶ

223 1055 401 1120 mortalibus
422 1054 530 1114 melius
558 1049 718 1118 babemus,
747 1047 821 1109 nihil
844 1049 1016 1110 iucundius.
1067 1048 1149 1118 Quae
1172 1057 1217 1110 cst
1240 1052 1321 1110 enim
1344 1053 1405 1110 ista

224 1141 389 1203 securitas?
413 1138 519 1218 Specie
535 1135 657 1216 quidem
672 1132 789 1202 blanda,
806 1133 859 1194 sed
874 1151 979 1211 reapse
995 1133 1099 1194 multis
1114 1134 1189 1195 locis
1203 1129 1404 1215 repudianda.
1457 1133 1459 1220 ,

223 1227 327 1305 Neque
352 1226 432 1286 enim
454 1230 499 1282 est
521 1226 755 1281 consentaneum
776 1217 868 1278 ullam
890 1217 1047 1278 honestam
1062 1236 1127 1280 rem
1143 1221 1338 1290 actionemve,
1364 1239 1404 1279 ne
1457 1287 1459 1294 ¹

126 1307 130 1322 '
225 1311 371 1372 sollicitus
394 1310 444 1376 sis,
469 1315 520 1368 aut
542 1323 602 1365 non
625 1305 779 1381 suscipere
802 1309 854 1362 aut
876 1309 1044 1382 susceptam
1067 1303 1229 1382 deponere.
1268 1301 1354 1374 Quod
1376 1308 1404 1364 si
1458 1345 1459 1374 ,

224 1413 329 1457 curam
350 1394 497 1471 sugimus,
531 1393 626 1449 virtus
648 1386 790 1465 fugienda
813 1394 873 1456 est,
897 1403 973 1466 quae
995 1405 1117 1448 necesse
1141 1397 1187 1450 est
1209 1409 1278 1450 cum
1302 1389 1404 1470 aliqua
1458 1395 1459 1480 l

224 1497 369 1540 curares
396 1476 456 1538 sibi
478 1476 644 1536 contrarias
666 1478 844 1551 aspernetur
867 1477 956 1550 atque
984 1472 1095 1540 oderit,
1119 1481 1152 1532 ut
1174 1473 1292 1535 bonitas
1314 1475 1404 1534 mali·
1458 1487 1459 1494 ¹

224 1568 310 1634 tiam,
345 1562 546 1642 temperantia
575 1557 747 1625 libidinem,
783 1557 932 1632 ignaviam
960 1557 1116 1618 tortitudo.
1168 1557 1270 1639 ltaque
1299 1559 1405 1619 videas

224 1649 317 1709 rebus
345 1648 465 1708 iniustis
493 1647 589 1706 iustos
615 1642 743 1702 maxime
771 1639 890 1709 dolere,
917 1639 1090 1702 imbellibus
1111 1642 1220 1712 sortes,
1243 1643 1405 1722 flagitiosis

225 1733 386 1794 modestos.
425 1730 504 1807 Ergo
526 1729 584 1788 boc
606 1727 764 1806 proprium
779 1731 826 1785 est
847 1725 940 1784 animi
962 1723 1039 1786 bene
1055 1728 1219 1796 constituti,
1245 1737 1275 1788 et
1295 1729 1405 1789 laetari

172 1819 216 1884 48
227 1817 315 1878 bonis
337 1815 429 1877 rebus
444 1823 474 1874 et
496 1812 597 1873 dolere
621 1811 790 1870 contrariis.
825 1805 921 1877 Quam
936 1808 975 1869 ob
997 1827 1062 1870 rem
1085 1812 1110 1871 si
1133 1811 1213 1872 cadit
1235 1815 1265 1872 in
1282 1816 1404 1892 sapien-

226 1911 287 1962 tem
310 1903 402 1962 animi
426 1898 511 1960 dolor
532 1929 574 1941 -—
596 1897 649 1976 qui
672 1894 806 1973 proiecto
830 1892 923 1961 cadit,
953 1895 1011 1954 nIsi
1038 1913 1073 1954 ex
1098 1897 1163 1958 eius
1186 1900 1285 1958 animo
1309 1902 1404 1958 extir-

224 1995 326 2068 patam
347 1986 563 2047 humanitatem
585 1980 770 2041 arbitramur
790 2009 843 2047 -,
872 1995 948 2057 qnae
975 1996 1065 2040 causa
1092 1989 1139 2041 est
1160 1997 1215 2042 cur
1238 1984 1405 2044 amicitiam

227 2246 275 2300 des
303 2243 536 2315 Euripideisohen
568 2235 686 2298 ὠδίνειν
729 2237 786 2307 vgl.
842 2239 962 2293 scudem
981 2237 1053 2292 auch
1072 2239 1124 2292 aui
1139 2243 1194 2298 den
1208 2239 1289 2294 Wert
1305 2241 1406 2306 plaeet-

226 2317 307 2370 Hom.
328 2315 378 2370 Od.
395 2338 415 2384 ι,
434 2319 486 2369 415
500 2308 628 2380 Κύκλωψ
642 2328 786 2378 στεναχων
841 2311 942 2376 mula),
966 2307 1033 2362 oder
1052 2310 1097 2364 die
1116 2311 1199 2368 urata
1217 2313 1337 2379 (uocato)
1356 2313 1405 2366 be-

227 2408 257 2442 τε
276 2388 326 2442 καὶ
339 2380 451 2442 ὠδίνων
471 2377 635 2456 ὀδύνῃσιν),
651 2379 787 2448 synekdo-
842 2380 947 2435 richen.
976 2379 1044 2434 Hier
1062 2406 1097 2427 =
1116 2383 1293 2438 schweche
1312 2383 1406 2436 holf-

228 2457 324 2528 chisch
357 2473 413 2512 von
446 2453 671 2511 schmerzlicher·
687 2450 786 2518 Angst.
841 2451 913 2506 lose
931 2450 1076 2506 Weiber.
1287 2483 1289 2487 -
1457 2467 1458 2518 1

162 2593 164 2596 Ι
227 2527 351 2582 Ahnlich
369 2528 456 2587 reden
474 2526 526 2581 wir
539 2542 595 2580 von
609 2523 664 2576 den
677 2519 788 2574 Nach·
878 2529 901 2590 §-
921 2529 963 2577 47.
992 2522 1060 2578 Hier
1082 2525 1202 2596 beginnt
1224 2525 1270 2580 die
1293 2525 1405 2580 Wider-
1457 2523 1458 2594 l

227 2598 344 2652 wehen
362 2599 438 2654 eines
456 2596 627 2668 Ungliiekes.
781 2659 787 2672 .
841 2593 948 2666 legung
976 2591 1026 2648 der
1049 2600 1071 2661 §-
1096 2603 1130 2650 45
1155 2597 1318 2652 erwi'ahnben
1336 2596 1405 2666 Epi·
1457 2599 1458 2632 l

264 2674 286 2734 ξ.
311 2676 353 2726 to.
382 2670 462 2725 Alios
480 2694 514 2714 =
534 2665 713 2736 Cyrenaicos,
740 2679 789 2730 qu1
843 2664 1005 2720 cureischen
1018 2667 1138 2722 Ansicht
1151 2669 1209 2722 und
1223 2668 1294 2737 geht
1306 2668 1406 2721 weiter

228 2740 323 2798 omnia
342 2740 378 2795 ad
397 2734 510 2810 ἡδονήν
530 2737 696 2792 referebant.
842 2736 886 2791 bis
905 2755 970 2792 zum
990 2734 1120 2792 Schlusse
1140 2739 1188 2794 des
1207 2738 1343 2808 Kapitels.

259 2813 349 2881 pam
367 2817 443 2878 onte,
463 2809 587 2864 nbmlissh
607 2814 636 2874 ⁸2
656 2812 698 2859 2⁶·
878 2841 987 2894 reapse,
1010 2828 1093 2880 entst.
1118 2843 1167 2881 eus
1190 2843 1219 2881 re
1238 2842 1324 2895 eopse.
1353 2827 1405 2880 Ur-

260 2901 426 3026 {³31quthOE
429 2940 439 2966 ,
462 2899 515 2952 mit
533 2896 632 2961 Wahl;
656 2895 789 2962 oppetere,
844 2897 1009 2980 springlich
1024 2897 1119 2950 wurde
1133 2897 1237 3022 inddepp
1246 2897 1406 3021 Pronomep

228 2987 416 3115 mlhabbrbtrb—
425 3062 568 3128 quoerant.
578 3055 638 3110 Auf
645 3055 695 3108 dos
706 3051 789 3120 obige
842 2969 947 3092 {ffim
962 2972 1163 3162 ivfleffigiblffiff
1177 2985 1404 3106 threcffippn}

229 3131 316 3186 dicere
333 3131 438 3186 konnte
458 3130 507 3184 der
521 3127 598 3197 Ccnj.
617 3125 667 3180 der
680 3123 788 3191 Haupt
843 3123 933 3178 eopse,
952 3124 1056 3178 iambi&
1073 3109 1121 3164 bel
1162 3109 1264 3164 lauim-

230 3203 321 3256 zeiten
340 3201 460 3268 sowohl‚
479 3199 533 3254 wie
552 3199 602 3252 der
616 3197 665 3251 der
678 3194 789 3248 Ncben·
878 3195 973 3251 meltis
1001 3198 1079 3264 locis,
1111 3198 1322 3269 Beziehuugen,
1352 3199 1406 3254 Ge-

229 3273 322 3326 zeiben
344 3271 440 3342 fulgen
464 3270 628 3338 (Kiihner‚
657 3263 788 3334 Kurzgef.
844 3267 1048 3337 sicbbspunkte.
1063 3269 1127 3339 vgi.
1143 3268 1198 3324 Cic.
1214 3267 1295 3324 Tusc.
1306 3277 1331 3336 4,
1348 3277 1373 3338 i,
1390 3277 1403 3323 1

231 3343 358 3414 Schulgr.
374 3347 397 3408 §-
414 3348 473 3410 140,
488 3341 570 3395 Anm.
582 3341 617 3409 6).
632 3339 666 3392 in
675 3335 790 3416 solchcn
844 3354 906 3393 ctam
932 3339 1025 3393 multia
1053 3341 1119 3394 locis
1142 3345 1298 3394 nostrornm
1320 3342 1406 3394 bonai-

229 3413 329 3468 F'atllen
352 3413 419 3469 aber
442 3411 583 3468 wechseln
606 3407 790 3489 zuweiien'm
844 3425 912 3463 num
926 3410 1118 3479 iopeoiosoleo
1128 3411 1236 3478 mirari,
1254 3417 1312 3465 tam
1326 3413 1358 3464 in
1368 3413 1406 3465 ea's

230 3485 332 3540 deror.
349 3484 403 3538 obl.
418 3480 723 3538 heiderleiZeitenmrt
733 3494 789 3531 em·
844 3481 953 3534 stodiis.

231 3556 329 3622 andem
349 3573 372 3609 z.
387 3555 418 3610 Β.
434 3554 488 3610 Cic.
509 3554 543 3608 de
564 3569 619 3608 sen.
636 3556 736 3634 21‚·78
750 3549 791 3602 sic
881 3570 1037 3624 pomm-
1052 3569 1194 3636 fortitudo,
1217 3571 1268 3624 Bei
1282 3551 1406 3624 Aufzffll,

225 3628 355 3710 Piissuasi
368 3627 444 3694 mibi]
459 3625 790 3710 Mifflerafflwmr
844 3639 915 3711 lung
938 3657 994 3696 von
1013 3640 1073 3694 drei
1091 3641 1200 3695 Paaren
1220 3642 1320 3696 ordneb
1337 3659 1408 3696 man
1455 3641 1457 3712 ᾖ

230 3714 340 3752 animm
362 3713 411 3781 Ψ
428 3713 603 3781 praecaptum
624 3699 713 3748 m⁰W⁸
735 3691 790 3744 'la'
845 3728 914 3782 geru
929 3712 998 3767 zwei
1012 3711 1172 3766 chinsiisob.
1188 3743 1221 3751 -
1231 3713 1341 3784 Wegen
1356 3712 1408 3766 der

83 3835 89 3844 ,
133 3839 135 3844 ,
231 3769 318 3852 beot,
337 3783 515 3852 imiimi&
529 3770 645 3832 'mala
663 3764 791 3846 ”emin
846 3781 1020 3854 Gegcnsbbze
1040 3783 1129 3838 selbsi
1146 3782 1203 3854 vgl.
1223 3781 1278 3837 cio.
1298 3783 1358 3854 Cuia.
1381 3791 1407 3851 2,

231 3841 338 3910 quadem
356 3840 515 3894 hebetantem
533 3854 587 3923 esse
604 3842 706 3920 neotus,
723 3850 791 3903 quaa
847 3860 892 3921 11,
912 3860 954 3909 25,
1117 3887 1120 3898 .

229 3927 373 3995 ”illim
394 3927 422 3965 ⁸⁶
443 3915 565 3994 timii
582 3909 743 3972 ielisslw'mi
766 3909 792 3960 el
882 3926 990 3995 Itaque.
1022 3924 1075 3978 Die
1099 3923 1268 3994 cigentliche
1295 3925 1409 3994 Haupt-

230 3999 292 4036 ΨΜ
318 3983 433 4050 Similem
460 3998 548 4065 ammi
575 3985 679 4063 ”illm
707 3981 792 4032 mel
845 3995 995 4066 folgerung
1013 3995 1123 4049 kommt
1141 3998 1199 4050 ersi
1212 3996 1338 4050 naohher
1351 3998 1410 4050 mit

229 4069 314 4122 amque
332 4054 467 4108 haberet
484 4068 561 4136 ause
578 4066 724 4120 quaequam
742 4050 790 4104 ad·
844 4067 931 4138 Em

210 4129 347 4178 mmm
364 4125 462 4192 dispar
479 4140 525 4177 suc
543 4141 611 4177 ΠΝ·
879 4140 1017 4194 modestos.
1049 4137 1101 4193 Die
1129 4139 1259 4194 modestia
1282 4138 1409 4208 (σωφρο-

266 4213 449 4266 mula'erculae.
460 4210 789 4266 DieDeminutivenkbn-
845 4206 929 4280 σύνη)
943 4209 1047 4264 beruhb
1061 4209 1112 4264 auf
1119 4209 1168 4264 der
1178 4208 1324 4264 sitilichen
1333 4209 1410 4264 Acb-

135 4281 138 4292 '
229 4299 285 4338 nen
299 4283 360 4337 sich
374 4282 453 4337 nicht
468 4282 553 4336 allein
568 4281 790 4350 aufdieGrtisse,
844 4284 916 4350 hung
934 4298 984 4336 vor
1003 4281 1067 4336 dem
1085 4281 1201 4336 rechten
1218 4279 1319 4335 Messe.
