2936 4928
239 211 283 276 46
746 211 902 268 nannius

240 355 320 417 enim
343 372 443 416 mores
465 353 594 434 disparia
618 355 715 418 studia
738 363 917 436 sequuntur,
942 374 1069 436 quorum
1092 356 1301 418 dissimilitudo
1321 356 1419 418 disso·
1461 363 1462 438 l

240 443 300 502 ciat
322 441 480 510 amicitias,
505 458 560 501 nec
583 438 622 499 ob
645 439 732 501 aliam
755 459 875 503 causam
896 442 986 502 ullam
1009 441 1080 502 boni
1101 441 1260 521 improbis,
1284 441 1421 522 improbi

241 525 327 586 bonis
360 526 449 585 amici
483 541 548 586 esse
581 541 642 584 non
673 533 813 604 possunt,
848 526 906 587 nisi
940 527 1018 606 quod
1053 534 1133 587 tanta
1166 535 1212 586 est
1244 529 1323 588 iuter
1353 545 1419 594 eos,
1461 541 1462 582 t

189 606 351 690 75quanta
373 610 500 671 maxima
522 615 622 688 potest
644 627 725 679 esse,
753 628 871 672 morum
893 611 1120 690 studiorumque
1144 611 1292 672 distantia.
1323 611 1421 670 Recte
1461 617 1462 668 l

241 697 330 756 etiam
352 695 485 772 praecipi
513 701 611 774 potest
632 696 664 754 in
687 695 842 764 amicitiis,
874 714 911 755 ne
934 697 1131 774 intemperata
1154 697 1298 776 quaedam
1321 693 1418 755 bene·
1461 697 1462 740 t

239 777 381 846 volentia,
421 777 501 856 quod
533 796 678 858 persaepe
712 780 757 847 fit,
791 780 934 860 impediat
968 798 1090 860 magnas
1130 779 1271 842 utilitates
1306 782 1419 840 amico·
1461 777 1462 832 l

239 880 315 923 rum.
361 861 422 922 Nec
444 865 540 933 enim,
571 871 603 924 ut
626 863 662 924 ad
686 862 800 925 fabulas
822 865 964 936 redeam,
988 864 1108 926 Troiam
1129 863 1343 942 Neoptolemus
1367 882 1418 926 ca·

240 963 312 1026 pere
340 948 498 1026 potuisset,
528 948 552 1008 si
574 947 789 1028 Lycomedem,
818 949 897 1030 apud
925 968 1015 1030 quem
1038 958 1102 1010 erat
1125 945 1279 1019 eddcatus,
1311 947 1419 1009 multis

240 1049 308 1092 cum
331 1029 463 1092 lacrimis
485 1034 544 1092 iter
567 1051 653 1092 suum
677 1033 892 1112 impedientem
908 1035 1011 1096 audire
1027 1032 1176 1095 voluisset
1211 1033 1248 1094 Et
1263 1051 1353 1112 saepe
1370 1035 1418 1092 in·

240 1115 344 1176 cidunt
365 1133 490 1194 magnae
512 1134 577 1186 res,
601 1124 634 1176 ut
656 1115 871 1180 discedendum
894 1119 932 1180 sit
953 1118 990 1180 ab
1014 1119 1132 1180 amicis:
1156 1137 1229 1197 quas
1252 1121 1303 1196 qui
1320 1119 1418 1196 impe·

230 1200 306 1262 'dire
330 1200 405 1274 vult,
430 1200 510 1278 quod
533 1201 716 1262 desiderium
739 1219 799 1264 non
821 1203 909 1268 facile
932 1205 1023 1275 ierat,
1046 1205 1072 1263 is
1087 1211 1118 1264 et
1130 1203 1264 1264 infirmus
1279 1209 1326 1264 ost
1341 1202 1418 1262 mol-

239 1283 336 1363 lisque
364 1292 469 1345 natura
498 1293 527 1346 et
555 1285 593 1346 oh
623 1304 688 1348 eam
716 1289 810 1366 ipsam
834 1306 954 1350 causam
975 1290 1006 1350 in
1029 1289 1159 1349 amicitia
1181 1303 1286 1367 parum
1308 1287 1418 1350 iustus

189 1365 229 1429 to
240 1369 338 1447 Atque
359 1369 390 1428 in
413 1369 494 1429 omni
516 1389 548 1430 re
572 1370 822 1432 considerandum
845 1383 905 1439 est,
929 1380 958 1433 et
979 1371 1051 1452 quid
1071 1371 1203 1452 postules
1219 1371 1256 1434 ab
1272 1373 1372 1440 amico
1388 1379 1419 1430 et

239 1452 310 1531 quid
333 1454 445 1531 patiare
468 1472 484 1513 a
508 1461 536 1515 te
558 1455 723 1534 impetrari.

322 1536 397 1598 xxi.
432 1535 485 1598 Est
515 1541 605 1601 etiam
638 1541 785 1619 quaedam
820 1539 971 1601 calamitas
1003 1542 1034 1600 in
1062 1541 1202 1602 amicitiis
1229 1539 1418 1600 dimittendis

238 1639 299 1682 non
321 1639 476 1700 nunquam
498 1627 681 1687 necessaria:
705 1627 777 1688 iam
800 1627 897 1686 enim
920 1643 937 1684 a
959 1627 1189 1704 sapientium
1211 1622 1416 1685 familiari-

239 1705 385 1766 tatibus
420 1706 462 1766 ad
497 1711 636 1782 oolqores
670 1710 859 1770 amicitias
892 1711 1017 1770 oratio
1045 1717 1174 1771 nostra
1204 1708 1415 1769 delabitur.

238 1790 407 1869 Erumpunt
423 1809 510 1869 saepe
525 1794 594 1852 vitia
611 1797 780 1855 amicorum
795 1802 860 1856 tum
876 1795 907 1854 in
922 1794 1003 1872 ipsos
1018 1795 1138 1864 amicos,
1162 1803 1226 1854 tum
1241 1795 1273 1854 in
1289 1793 1416 1861 alienos,
1462 1779 1463 1850 l

239 1892 367 1953 quorum
389 1882 488 1936 tamen
512 1876 549 1936 ad
570 1878 680 1940 amicos
701 1879 853 1940 redundet
873 1878 1003 1939 infamia.
1046 1877 1133 1939 Tales
1152 1881 1247 1956 igitur
1268 1878 1417 1939 amicitiae
1462 1857 1463 1944 i

238 1967 308 2020 sunt
322 1961 497 2021 remissione
512 1979 585 2022 usus
601 1960 746 2024 eluendae
762 1971 800 2032 et,
822 1971 857 2024 ut
872 1962 1015 2024 Catonem
1031 1963 1130 2023 dicere
1146 1963 1255 2032 audivi,
1277 1963 1417 2022 dissuen·
1462 1989 1463 2032 t

239 2043 292 2104 dae
314 2046 408 2122 magis
429 2063 519 2123 quam
540 2046 765 2117 discindendae‚
788 2049 845 2109 nisi
867 2047 1015 2125 quaedam
1036 2047 1196 2108 admodum
1216 2045 1419 2108 intolerabilis
1462 2099 1463 2126 ,

238 2129 351 2189 iniuria
366 2131 522 2200 exarserit,
539 2139 573 2191 ut
587 2147 685 2209 neque
701 2140 820 2193 rectum
835 2150 933 2212 neque
949 2131 1110 2192 honestum
1125 2133 1163 2192 sit
1175 2149 1230 2192 nec
1241 2132 1307 2192 lieri
1318 2133 1418 2210 possit
1462 2135 1463 2212 ζ

187 2213 226 2278 ll
240 2221 349 2274 utnon
364 2215 464 2274 statim
481 2215 617 2276 alienatio
633 2216 856 2295 disiunctioque
872 2215 1011 2277 faciunda
1026 2218 1072 2278 sit.
1097 2216 1151 2278 Sin
1167 2224 1267 2276 autem
1283 2224 1334 2276 aut
1349 2236 1416 2276 mo·

238 2315 307 2358 rum
330 2305 381 2358 aut
403 2297 571 2360 studiorum
594 2301 785 2362 commutatio
808 2301 968 2380 quaedam,
989 2309 1026 2367 ut
1048 2302 1114 2362 lieri
1136 2299 1221 2370 solet,
1245 2299 1322 2360 iacta
1346 2301 1414 2369 erit,

238 2383 342 2442 autin
365 2381 569 2460 reipublicae
591 2385 727 2461 partibus
750 2385 896 2446 dissensio
919 2385 1123 2446 intercesserit
1146 2419 1181 2429 -
1204 2385 1312 2464 loquor
1333 2387 1416 2446 enim

131 2465 132 2468 ’
236 2469 309 2536 iam,
339 2472 373 2526 ut
394 2465 483 2544 paulo
506 2475 573 2528 ante
598 2468 672 2536 dixi,
701 2487 760 2529 non
784 2469 821 2530 de
844 2464 1039 2550 sapientium,
1068 2470 1120 2531 sed
1143 2468 1179 2531 de
1203 2469 1417 2532 communibus

238 2550 379 2610 amicitiis
404 2583 459 2619 —,
485 2552 649 2614 cavendum
672 2555 729 2614 erit
751 2571 789 2613 ne
811 2573 872 2616 non
895 2553 990 2616 solum
1014 2555 1160 2615 amicitiae
1175 2555 1337 2634 depositae,
1361 2555 1414 2616 sed

238 2635 326 2697 etiam
348 2633 521 2696 inimicitiae
544 2643 699 2716 susceptae
726 2637 889 2700 videantur.
924 2639 1003 2700 Nihil
1026 2639 1104 2700 enim
1127 2648 1173 2700 est
1186 2641 1305 2717 turpius
1320 2657 1412 2718 quam

238 2737 306 2780 cum
334 2738 370 2780 eo
400 2717 513 2780 bellum
536 2738 655 2798 gerere,
686 2742 816 2802 quocum
841 2722 1029 2785 familiariter
1050 2723 1169 2784 vixeris.
1214 2723 1257 2784 Ab
1282 2725 1414 2784 amicitia

237 2905 401 2960 Nominativ
424 2907 629 2976 metonymisoh
651 2907 697 2962 fur
715 2909 797 2963 tamt-
881 2911 1030 2966 dolobt'tor.
1064 2909 1128 2981 Vgl.
1149 2909 1204 2964 Cio.
1224 2910 1299 2964 Part.
1320 2910 1366 2965 Or.
1387 2918 1414 2978 4,

238 2992 285 3029 uec
303 2977 463 3044 disparibus
481 2978 609 3032 moribus.
853 2988 884 3034 12
909 2986 959 3036 out
977 2997 995 3036 o
1012 2982 1166 3036 minoribus
1188 2982 1225 3036 od
1242 2983 1350 3036 maiora
1370 2999 1415 3036 os-

273 3047 408 3101 dc'etoott'a
426 3047 515 3102 findet
533 3047 593 3103 sich
609 3068 662 3104 nur
675 3049 738 3106 hier
750 3050 798 3105 bei
851 3053 1002 3118 condimus,
1025 3057 1076 3107 out
1097 3070 1116 3107 o
1128 3053 1288 3124 ,maioribus
1307 3055 1344 3107 ad
1361 3055 1413 3106 oti-

237 3116 340 3171 Cicero.
851 3137 921 3176 noro
939 3123 1099 3178 delabimur.
1123 3122 1247 3178 Ahnlieh
1264 3125 1352 3177 unten
1367 3131 1412 3191 26,

273 3193 295 3252 ξ.
309 3193 349 3242 75.
360 3188 709 3260 Neoptolemoeffyrrhus),
720 3193 797 3248 Sohn
853 3199 904 3248 100
922 3194 1038 3261 defluxit
1056 3195 1151 3248 oratio.

132 3267 134 3272 ’
237 3259 285 3312 des
317 3258 442 3314 Achilles
474 3261 532 3314 und
564 3262 614 3316 der
640 3262 796 3331 Deidamia,
887 3265 924 3317 od
947 3266 1047 3319 amicos
1070 3266 1125 3319 red.
1148 3265 1217 3330 tofi,⁸
1240 3264 1326 3318 denn:
1353 3265 1414 3319 No-

236 3327 332 3383 wurde
346 3329 394 3383 bei
408 3329 472 3384 dem
483 3331 573 3386 Vater
582 3333 632 3386 der
640 3332 798 3402 Letzteren,
851 3337 937 3389 scitor
959 3351 993 3388 cx
1015 3336 1109 3401 socies,
1131 3335 1181 3403 qui
1202 3351 1259 3390 oon
1277 3339 1414 3405 eopnosci-

237 3399 301 3453 dem
315 3399 424 3471 Kdnige
439 3416 496 3456 von
511 3402 615 3472 Skyros
625 3402 799 3472 Lylomedm,
852 3411 898 3459 tor
915 3421 949 3458 erc
967 3421 1001 3459 oe.

236 3487 364 3540 erzogen,
379 3489 435 3527 von
448 3489 492 3527 wo
506 3472 556 3526 ihn
571 3472 710 3542 Odysseus
724 3475 798 3528 nach
886 3481 909 3541 ξ,
941 3481 982 3530 ll.
1011 3475 1064 3530 Sin
1092 3480 1181 3531 cotem
1204 3481 1261 3530 out.
1298 3476 1414 3532 Diesem

237 3541 321 3610 Troja
348 3542 439 3612 holte,
468 3543 519 3597 das
547 3543 620 3598 ohne
643 3543 694 3598 ihn
718 3545 798 3600 nicht
851 3548 945 3601 ersten
968 3551 1017 3602 aot
1040 3547 1197 3618 entspricht
1219 3547 1344 3602 naehher
1363 3555 1415 3603 arc-t

236 3613 795 3686 genommenwerdenkounte.Vgl.Hom.
850 3618 882 3671 iu
903 3618 993 3687 reip.
1012 3620 1144 3686 partious
1166 3637 1246 3684 uem,
1275 3619 1332 3689 vgl.
1357 3620 1414 3673 als-

237 3683 334 3749 Odyss.
355 3687 382 3751 l,
402 3690 529 3742 506—9..
780 3689 786 3700 '
849 3688 918 3742 bald
942 3689 986 3743 die
1009 3689 1111 3744 beiden
1134 3706 1190 3744 von
1208 3689 1239 3754 Q.
1258 3689 1413 3759 Pompeius

271 3754 795 3826 impedientemistPorticipt'omdes
849 3759 908 3813 und
930 3777 986 3814 von
1004 3760 1134 3814 Metellus
1156 3761 1415 3830 hergenommenen

237 3824 352 3892 Imperf.
364 3830 485 3880 conatos.
500 3827 542 3880 Im
553 3827 630 3882 Veri).
640 3829 712 3894 finit.
723 3829 798 3882 steht
851 3829 998 3900 Beispiele.
1028 3861 1062 3870 -
1090 3831 1147 3884 Dos
1178 3831 1273 3886 hinter
1304 3847 1414 3886 morum

236 3893 364 3949 desselbe
374 3895 523 3964 annaeo
533 3900 668 3965 cooptatio
678 3901 798 3969 collecto·
852 3901 986 3956 stehende
1019 3906 1069 3956 out
1097 3901 1225 3973 degegen
1252 3903 1414 3972 entspricht

235 3967 538 4034 romtramfereoator;
557 3965 759 4024 CicPoradox.
772 3977 797 4038 6,
851 3973 915 4028 dem
938 3989 989 4042 quc
1015 3972 1045 4025 in
1068 3987 1173 4028 morum
1195 3973 1413 4044 studiorumque,

237 4044 267 4105 2,
288 4043 322 4092 48
336 4039 487 4106 pecuniam
505 4039 624 4110 Pyrrhi,
643 4045 725 4109 'qoam
739 4041 797 4096 Fot-
851 4044 904 4098 wie
923 4061 952 4098 es
972 4044 1043 4098 oben
1063 4045 1121 4113 (20,
1142 4046 1185 4113 74)
1204 4043 1299 4100 heisst.

236 4108 322 4163 bricio
340 4109 432 4164 dabat.
887 4119 918 4168 ut
938 4131 966 4183 p.
990 4119 1053 4170 orde
1077 4117 1111 4182 (ξ.
1132 4121 1165 4170 tc
1183 4115 1318 4184 dulcores)
1338 4117 1411 4182 disci,

271 4184 294 4244 ξ.
308 4186 348 4234 76.
364 4180 404 4234 At
421 4181 617 4238 oedientzum
626 4181 797 4238 Absehlusse
850 4184 909 4236 und
932 4185 1056 4240 nachher
1078 4192 1110 4242 ot
1131 4187 1214 4241 scitis.
1244 4185 1270 4240 S.
1295 4205 1331 4240 zu
1349 4192 1372 4252 ἓ.
1394 4195 1412 4242 8

235 4249 284 4304 des
304 4198 479 4308 Godanliens.
850 4259 882 4308 ot
900 4260 937 4310 eet
955 4255 1064 4312 dictum.
