2936 4928
217 203 262 268 56
733 203 889 259 LAELIUS

213 367 283 410 rum
305 348 476 418 hominum,
505 348 535 408 id
565 356 611 409 ast
632 348 811 427 sapientium
833 381 872 394 -
896 349 932 410 de
955 349 1009 410 hac
1032 349 1101 410 dico
1123 351 1284 429 sapientia,
1314 367 1395 428 quae

216 435 337 494 videtur
365 436 396 494 in
424 433 577 494 hominem
604 433 711 494 cadere
739 451 826 512 posse
848 465 906 502 -—,
936 434 973 495 ad
996 431 1075 494 leves
1097 437 1245 496 amicitias
1267 433 1396 494 defluxit

216 519 325 580 oratio.
370 515 465 588 Quam
487 517 526 578 ob
549 535 613 578 rem
638 518 674 580 ad
697 517 749 578 illa
771 519 869 596 prima
892 517 1052 579 redeamus
1073 535 1168 597 eaque
1190 521 1255 597 ipsa
1271 519 1396 580 conclu·

217 603 322 664 damus
345 601 513 680 aliquando.

301 685 414 746 xxvii.
438 686 554 755 Virtus,
578 687 688 754 virtus,
712 687 849 765 inquam,
874 685 905 747 C.
929 685 1039 756 Fanni,
1063 693 1093 746 et
1115 694 1162 756 tu,
1185 686 1220 757 Q.
1242 686 1337 755 Muci,
1363 696 1395 747 et

215 769 358 832 conciliat
379 772 528 832 amicitias
542 778 573 830 et
588 778 754 832 conservat.
790 771 823 832 ln
846 787 881 831 ea
896 777 941 832 est
957 772 1037 831 enim
1053 771 1258 832 convenientia
1276 789 1393 842 rerum,

215 857 248 916 in
264 873 298 916 ea
314 855 470 924 stabilitas,
486 856 518 915 in
534 872 569 915 ea
584 857 764 916 constantia:
781 872 941 933 quaecum
958 873 989 915 se
1005 854 1112 916 extulit
1122 864 1154 916 et
1164 856 1294 916 ostendit
1305 873 1396 916 suum

216 940 319 1000 lumen
342 945 372 1000 et
394 939 472 1000 idern
497 940 611 1018 aspexit
633 941 811 1018 agnovitque
834 942 866 999 in
889 939 956 1008 alio,
981 939 1016 999 ad
1039 940 1070 1000 id
1092 957 1125 1000 se
1148 940 1285 1000 admovet
1301 942 1394 1000 vicis-

216 1027 334 1102 simque
362 1025 472 1103 accipit
501 1023 591 1092 illud,
620 1024 699 1103 quod
727 1026 760 1084 in
788 1024 882 1084 altero
910 1030 970 1092 est,
999 1042 1035 1083 ex
1058 1042 1117 1102 quo
1139 1025 1307 1084 exardescit
1330 1027 1394 1084 sive

106 1129 109 1138 ·
217 1125 302 1168 amor
324 1111 385 1168 sire
409 1109 550 1168 amicitia.
588 1108 755 1188 Utrumque
774 1110 855 1168 enim
872 1108 994 1170 ductum
1010 1115 1056 1168 est
1071 1105 1108 1168 ab
1124 1109 1267 1179 amando;
1291 1127 1394 1169 amare

217 1200 318 1254 autem
339 1191 416 1252 nihil
439 1199 484 1252 est
505 1190 583 1252 aliud
606 1195 666 1253 nisi
687 1211 757 1254 eum
771 1194 869 1272 ipsum
887 1193 1012 1270 diligere
1028 1209 1117 1272 quem
1134 1211 1224 1264 ames,
1248 1192 1330 1254 nulla
1346 1195 1394 1254 in·

218 1277 367 1355 digentia,
396 1275 476 1338 nulla
504 1275 633 1338 utilitate
661 1279 812 1356 quaesita:
847 1293 923 1356 quae
951 1285 1050 1338 tamen
1077 1279 1143 1356 ipsa
1165 1277 1335 1338 ecflorescit
1356 1296 1396 1338 ex

142 1353 204 1418 101
219 1361 359 1429 amicitia,
384 1361 472 1422 etiarn
494 1363 519 1422 si
544 1369 576 1422 tu
598 1379 664 1422 cam
686 1365 785 1424 minus
807 1364 1002 1422 secutus'sis.
1035 1360 1096 1421 Hac
1115 1379 1170 1424 nos
1185 1361 1395 1424 adulescentes

218 1445 424 1506 benevolentia
453 1463 540 1506 senes
568 1445 649 1515 illos,
680 1443 714 1506 L.
737 1446 877 1516 Paulum,
906 1446 943 1506 M.
968 1446 1124 1514 Catonem,
1154 1445 1187 1507 G.
1209 1447 1331 1514 Galum,
1359 1445 1393 1507 P.

218 1529 370 1600 Nasicam,
400 1529 445 1589 Ti.
471 1529 637 1592 Gracchum
661 1527 810 1610 Scipionis
832 1531 927 1590 nostri
950 1547 1087 1590 socerum
1111 1530 1284 1591 dileximus:
1318 1531 1394 1591 haec

218 1616 308 1674 etiam
330 1616 425 1692 magis
448 1614 546 1674 elucet
568 1617 647 1676 inter
671 1615 824 1694 aequales,
854 1621 887 1674 ut
916 1617 997 1675 inter
1018 1631 1066 1674 me
1089 1621 1119 1674 et
1141 1613 1329 1694 Scipionem,
1359 1615 1394 1675 L.

218 1699 359 1769 Furium,
392 1697 424 1759 P.
453 1698 621 1778 Rupilium,
655 1698 705 1778 Sp.
735 1700 923 1760 Mummium:
957 1700 1090 1759 vicissim
1118 1705 1216 1758 autem
1245 1717 1332 1760 senes
1360 1701 1394 1759 in

219 1783 455 1844 adulescentium
478 1785 603 1846 caritate
626 1785 854 1862 acquiescimus,
877 1790 909 1845 ut
930 1784 962 1843 in
977 1791 1085 1852 vestra,
1109 1789 1143 1844 ut
1156 1785 1189 1842 in
1205 1782 1238 1854 Q.
1257 1783 1395 1844 Tubero·

218 1870 282 1938 nis;
311 1866 451 1946 equidem
480 1869 570 1928 etiam
596 1867 755 1928 admodum
778 1868 978 1929 adulescentis
999 1867 1032 1928 P.
1055 1865 1176 1936 Rutilii,
1200 1868 1233 1928 Α.
1257 1867 1395 1946 Verginii

219 2125 268 2178 des
287 2139 301 2178 a
318 2123 348 2177 in
366 2125 499 2180 illusseris
517 2125 574 2195 vgl.
591 2124 685 2191 Quint.
706 2131 734 2193 1,
756 2131 780 2194 7,
833 2127 934 2194 (amor)
952 2125 1081 2196 dagegen
1099 2124 1169 2194 geht
1187 2139 1237 2178 aas
1251 2124 1396 2178 unmittel-

219 2202 254 2250 20
321 2195 326 2207 ’
349 2197 449 2278 ,quod
463 2195 602 2250 Ciceronis
615 2197 781 2280 temporebus
833 2197 931 2251 barem
944 2195 1175 2276 Heraensdrange
1193 2195 1306 2249 hervor:
1325 2212 1396 2276 pres-

213 2281 387 2390 trina
403 2266 781 2406 7999999919
833 2265 1397 2407 instanciam,tentata

219 2407 341 2461 subiecto
364 2407 452 2475 lonqis
469 2412 547 2474 esset,
574 2408 780 2476 qeminobotur:
835 2407 958 2461 anderen
976 2405 1078 2460 dienen
1095 2406 1180 2460 kann.

219 2483 252 2532 ut
269 2491 395 2544 caussae,
413 2492 520 2544 emaus,
539 2478 707 2532 dioisaa‘ouee.
870 2483 893 2543 5.
905 2484 963 2531 101.
976 2477 1253 2532 Paulum-Galum.
1264 2476 1291 2531 S.
1299 2481 1394 2542 zn5.9.

257 2554 280 2613 5.
296 2555 355 2603 190.
370 2549 404 2602 dc
416 2549 468 2602 dac
480 2549 542 2604 dico
554 2550 700 2618 sapientia.
715 2549 779 2620 Vgl.
870 2547 1007 2603 Catonem.
1031 2547 1058 2602 S.
1077 2565 1112 2601 zu
1131 2553 1154 2614 5.
1173 2553 1198 2601 4.

220 2619 341 2686 obend,
362 2625 402 2674 18.
872 2619 906 2672 P.
929 2617 1076 2684 Nosicmn,
1105 2617 1147 2672 Ti.
1172 2617 1334 2673 Gracchano.
1360 2617 1395 2672 P.
1458 2657 1459 2668 .

256 2690 295 2746 od
313 2691 380 2744 lcoes
398 2707 450 2744 am.
469 2690 586 2758 &flami
603 2705 642 2745 or.
661 2691 726 2760 Vgl.
746 2697 778 2744 91
836 2687 978 2745 Cornelius
998 2689 1092 2758 Scipio
1110 2689 1231 2755 Nasica,
1253 2689 1307 2742 mit
1330 2689 1396 2743 dem
1458 2691 1459 2742 l

221 2767 254 2815 76
273 2762 331 2814 iam
349 2762 421 2815 anun
439 2778 458 2815 a
475 2762 642 2828 sapientium
658 2762 780 2829 furniliu-
834 2760 969 2815 welteren
979 2759 1133 2814 Beinaman
1144 2759 1397 2826 Oorctdunallater

218 2832 351 2888 nitatibus
364 2833 402 2886 od
411 2833 537 2900 sulpurea
546 2833 683 2886 amicitias
692 2834 781 2888 oratio
835 2831 885 2885 des
908 2831 1013 2885 Nasica
1036 2830 1152 2900 Serapio
1177 2832 1208 2898 (s.
1232 2847 1267 2884 nu
1291 2836 1313 2896 5.
1340 2835 1395 2900 41),

219 2907 315 2956 nostru
333 2902 478 2955 delabitur.
836 2900 1066 2972 Schwiagaraohn
1079 2901 1128 2955 des
1138 2900 1286 2956 Africanus
1296 2901 1396 2969 maior,

258 2972 628 3042 Quamobrem-eredeumus.
645 2973 671 3028 S.
684 2978 778 3039 zu5.1
835 2989 894 3027 war
922 2988 946 3025 a.
977 2977 1027 3026 159
1056 2971 1166 3026 Censor.
1208 2972 1264 3025 Der
1292 2972 1397 3026 andere

219 3058 297 3098 nunc
314 3043 392 3097 redeo
410 3043 455 3098 cd.
835 3042 1066 3112 Sohwiegersohn
1080 3042 1129 3096 des
1139 3041 1287 3096 Africanus
1296 3043 1396 3112 maior,

257 3115 370 3184 inquam
383 3113 449 3168 tritt
461 3113 547 3167 hinnu
560 3113 600 3168 im
610 3113 780 3169 Anschlusse
836 3111 879 3167 Ti.
892 3111 1070 3181 Sempronius
1079 3111 1229 3178 &caedua
1243 3113 1331 3167 Vater
1345 3114 1397 3168 der

221 3201 259 3237 an
273 3183 780 3256 dieaffactvolleWiederholungdcs
833 3184 936 3238 beiden
951 3184 1114 3238 bekannten
1123 3181 1397 3238 Gracchanundder
1457 3241 1458 3248 ,

168 3265 169 3268 ’
219 3253 335 3309 Wor'tes
353 3256 450 3308 onius.
835 3254 1012 3324 Sempronia,
1034 3255 1088 3309 mit
1105 3254 1225 3310 welcher
1243 3254 1303 3308 sich
1322 3254 1396 3308 Afri-
1457 3259 1458 3302 l

257 3324 286 3378 0.
310 3313 409 3379 Fanni
431 3329 456 3379 et
478 3329 517 3380 tu.
555 3325 581 3380 S.
606 3344 641 3380 nu
664 3331 687 3392 5.
712 3331 729 3382 8
750 3327 779 3381 0.
835 3341 921 3380 canus
938 3325 1030 3380 minor
1048 3325 1217 3394 vermiclis,
1241 3325 1399 3379 unterwarf

219 3395 309 3450 Lucii.
835 3396 877 3450 als
888 3395 991 3450 Consul
1009 3411 1034 3450 a.
1055 3402 1106 3450 177
1120 3395 1171 3449 das
1185 3394 1397 3450 aufstdndische

257 3465 445 3522 concertantia
467 3481 565 3521 rerum.
603 3465 667 3538 Vgl.
693 3474 721 3535 6,
746 3473 781 3522 90
836 3465 984 3521 Sardinien
1001 3465 1393 3521 undwarda.1oaCensor.

220 3538 342 3592 omnium
355 3551 447 3591 rerum
456 3535 710 3592 consensio—Die
719 3537 781 3592 hier
871 3535 1006 3604 Furium,
1033 3535 1194 3606 Rupilimn,
1219 3537 1395 3592 Mammium.

220 3607 399 3678 beginnende
427 3606 611 3663 Conclusio
641 3607 781 3678 recapitu-
834 3607 985 3662 Dieaelben
1003 3607 1192 3662 dreiwurden
1206 3609 1280 3663 oben
1295 3614 1341 3676 19,
1361 3614 1395 3663 69

220 3679 288 3732 liert
307 3677 451 3732 aundohst.
835 3678 1121 3748 zusammengesiellt.

256 3764 338 3803 sanun
360 3749 463 3814 tannen,
485 3749 525 3803 im
548 3747 722 3820 Gegensatae
746 3767 781 3804 zu
872 3749 1032 3804 Tuberonis.
1052 3749 1078 3803 S.
1099 3767 1133 3802 zu
1152 3755 1174 3814 5.
1194 3754 1237 3803 37.

220 3821 254 3874 in
272 3820 336 3873 alio.
357 3818 383 3872 S.
403 3835 438 3871 zu
457 3824 480 3884 5.
501 3825 533 3872 13
552 3825 721 3880 nostrormn.
870 3819 983 3874 Rutilii.
1009 3820 1042 3872 P.
1065 3819 1193 3874 Rutilius
1214 3818 1322 3886 Rufus,
1346 3819 1397 3874 der

257 3891 371 3959 dalipere
398 3889 475 3942 steht
501 3889 563 3943 hier
586 3907 718 3960 ungenan
741 3890 782 3944 im
834 3905 886 3944 vor
899 3890 1055 3946 Numantia
1072 3892 1155 3945 unter
1170 3889 1264 3959 Scipio
1279 3887 1397 3960 gedient

221 3959 410 4032 allgemeinen
424 3959 510 4014 Sinna
524 3959 573 4014 des
587 3959 782 4031 griechischen
834 3960 928 4028 hatte,
952 3961 1095 4015 neiohneta
1119 3960 1192 4027 sich,
1216 3959 1319 4014 ebenso
1341 3961 1397 4016 wie

73 4033 109 4110 513,
152 4063 174 4096 χ
221 4035 338 4112 pulsia,
366 4029 457 4088 wofiir
484 4030 534 4085 der
556 4030 688 4086 Laiainer
714 4031 782 4086 kain
836 4031 896 4087 sein
923 4031 1143 4100 Studiengenoss
1171 4032 1206 4085 A.
1240 4029 1396 4112 Vcrpt'oaiua

163 4145 166 4150 ι
221 4101 783 4242 carcanensem
836 4101 1396 4242 aareseraranan-anana:

20 4269 34 4286 ι·
56 4275 76 4290 .,
221 4241 274 4296 auf
301 4242 454 4310 prilfsnder
481 4243 655 4314 Ernagnn33
689 4259 782 4299 onore
837 4250 866 4311 1,
889 4247 936 4311 58,
959 4245 1022 4313 179)
1046 4244 1196 4312 aucupium
1214 4243 1395 4298 innocentiae.
