2936 4928
479 232 559 303 xxi,
578 233 760 303 co-xxm
781 239 823 291 aa.
1204 239 1248 304 49

64 385 116 450 ut,
146 379 286 458 quoniam
316 379 448 440 solitaria
475 397 536 441 non
562 387 664 459 posset
691 381 786 440 virtus
813 378 849 440 ad
878 399 913 442 ea
941 399 1016 460 quae
1042 401 1157 444 summa
1180 393 1249 446 sunt

64 465 238 544 pervenire,
263 464 423 526 coniuncta
446 470 476 524 et
498 466 666 524 consociata
689 481 756 524 cum
780 465 875 526 altera
896 468 1077 543 perveniret.
1116 463 1197 535 Quae
1220 471 1247 530 si

64 567 143 628 quos
165 550 244 610 inter
267 550 396 610 societas
419 555 470 608 aut
493 556 539 610 est
561 555 610 608 aut
625 548 681 610 luit
696 555 747 612 ant
762 549 861 610 lutura
877 557 930 618 est,
955 567 1058 612 eornm
1075 558 1118 614 est
1132 551 1246 614 haben·

64 635 123 694 dus
147 633 182 692 ad
207 649 354 694 summum
377 639 502 694 naturae
526 631 637 694 bonurn
660 633 790 708 optimus
811 631 1062 714 beatissimusque
1078 638 1243 698 comitatus.

62 717 147 778 llaec
170 723 230 786 est,
255 719 386 796 inquam,
410 717 545 788 societas,
570 719 682 796 inqua
705 719 804 778 omnia
827 719 938 787 insunt,
962 735 1038 797 quae
1060 728 1168 799 putant
1190 717 1300 782 110-84

61 804 164 862 mines
186 799 361 879 expetenda,
389 801 537 870 honestas,
561 801 666 879 gloria,
689 799 891 880 tranquillitas
913 805 1005 864 animi
1029 814 1116 884 atque
1139 807 1245 866 iucun-

62 885 152 956 ditas,
176 893 210 946 ut
232 893 262 946 et
284 903 353 946 cum
374 883 449 946 baec
469 887 563 946 assint
577 885 665 946 beata
680 887 740 944 vita
757 887 805 956 sit,
830 893 860 946 et
876 887 939 948 sine
956 887 1003 949 his
1021 906 1161 950 essenon
1178 908 1246 968 pos·
1278 909 1284 922 ²

62 971 112 1030 sit.
159 968 244 1039 Quod
267 985 334 1030 cum
357 971 504 1048 optimum
527 971 747 1048 maximumque
771 971 823 1040 sit,
847 971 873 1030 si
896 969 927 1030 id
950 970 1086 1033 volumus
1109 973 1245 1052 adipisci,

60 1055 167 1115 uirtuti
191 1070 281 1130 opera
305 1051 401 1114 danda
423 1060 484 1122 est,
509 1056 575 1115 sine
599 1071 656 1132 qua
679 1071 734 1114 nec
757 1056 923 1116 amicitiam
945 1073 1044 1136 neque
1067 1057 1157 1118 ullam
1180 1075 1246 1120 rem

61 1137 263 1217 expetendam
293 1139 436 1216 consequi
465 1155 640 1216 possumus:
675 1156 710 1200 ea
739 1157 810 1198 vero
839 1139 975 1217 neglecta
1005 1143 1111 1218 quise
1134 1145 1245 1202 amicos

60 1222 180 1284 habere
203 1221 398 1300 arbitrantur,
421 1228 486 1284 tum
508 1241 540 1282 se
563 1222 692 1300 denique
715 1241 831 1284 errasse
855 1225 998 1294 sentiunt,
1022 1243 1090 1286 cum
1114 1245 1164 1287 eos
1178 1243 1246 1303 gra·

60 1309 108 1368 vis
141 1307 248 1385 aliquis
276 1323 363 1366 casus
393 1306 524 1385 experiri
547 1308 634 1384 cogit.
681 1305 827 1377 Quocirca
849 1341 891 1354 -
914 1307 1073 1370 dicendum
1095 1317 1141 1372 cst
1163 1309 1299 1376 enim85

61 1392 186 1470 saepius
219 1425 273 1460 —-,
303 1409 371 1452 cnm
400 1390 557 1460 iudicaris,
587 1390 712 1468 diligere
734 1399 865 1470 oportct;
900 1411 974 1462 non,
1003 1411 1070 1454 cnm
1094 1393 1243 1466 dilexeris,

58 1475 209 1538 iudicare.
244 1475 302 1536 Sed
325 1493 393 1534 cnm
416 1475 518 1536 multis
540 1477 571 1536 in
595 1474 687 1536 rebus
707 1475 896 1552 neglegentia
911 1475 1081 1556 plectimur,
1104 1486 1166 1540 tum
1182 1498 1244 1542 ma-

59 1563 145 1622 xime
168 1561 200 1620 in
223 1559 328 1620 amicis
351 1566 381 1618 et
402 1557 570 1638 deligendis
593 1567 622 1620 et
638 1557 788 1630 colendis;
813 1563 1018 1640 praeposteris
1032 1564 1112 1624 enirn
1129 1565 1244 1624 utimur

60 1641 202 1705 consiliis
226 1651 255 1703 et
277 1651 342 1704 acta
362 1645 489 1720 agimus,
513 1644 592 1724 quod
608 1650 742 1704 vetamur
756 1651 858 1704 vetere
874 1645 1044 1723 proverbio.
1078 1645 1164 1718 Nam,
1187 1649 1243 1708 im·

58 1727 169 1808 plicati
192 1726 273 1788 ultro
296 1735 326 1788 et
349 1729 426 1788 citro
449 1726 495 1788 vel
518 1746 574 1790 usu
596 1727 737 1788 diuturno
760 1727 805 1788 vel
822 1731 913 1792 etiam
929 1731 1047 1800 officiis,
1070 1739 1195 1810 repente
1211 1735 1243 1792 in

61 1811 167 1874 medio
190 1829 282 1873 cursu
304 1811 450 1872 amicitias
472 1821 574 1872 exorta
597 1811 696 1890 aliqua
720 1813 882 1874 ollensione
906 1812 1113 1893 dirumpimus.

149 1895 255 1958 XXlll.
279 1895 343 1966 Quo
366 1897 456 1958 ctiam
478 1899 574 1974 magis
602 1897 796 1974 vituperanda
819 1905 865 1958 est
886 1897 931 1958 rei
952 1901 1082 1960 maxime
1105 1917 1241 1962 necessa·
1253 1896 1296 1962 86

57 1985 128 2042 riae
150 1987 230 2041 tanta
260 1983 389 2042 incuria.
433 1981 498 2042 Una
526 1987 571 2041 est
600 1982 681 2042 enim
704 1982 834 2048 amicitia
857 1984 888 2042 in
910 1981 1002 2044 rebus
1024 1982 1179 2053 humanis,
1203 1984 1240 2044 de

58 2067 150 2128 cuius
173 2065 304 2126 utilitato
327 2082 430 2126 omnes
453 2083 512 2125 uno
534 2082 587 2125 ore
608 2068 809 2126 consentiunt.
844 2064 1019 2142 Quanquam
1034 2085 1050 2126 a
1066 2067 1167 2128 multis
1184 2070 1242 2127 vir·

59 2157 112 2210 tus
141 2152 209 2228 ipsa
237 2151 437 2210 contemnitur
466 2156 494 2210 et
523 2147 685 2210 venditatio
713 2149 856 2228 quaedam
886 2157 974 2230 atque
997 2152 1155 2212 ostentatio
1177 2169 1243 2212 esse

57 2235 194 2304 dicitur;
218 2233 303 2293 multi
326 2233 440 2294 divitias
462 2232 641 2312 despiciunt,
664 2252 738 2312 quos
757 2250 849 2312 parvo
865 2242 1019 2296 contentos
1034 2237 1134 2296 tenuis
1148 2237 1244 2298 victus

58 2317 224 2396 cultusque
254 2316 397 2388 delectat;
432 2316 562 2378 honores
591 2335 675 2386 vero,
705 2335 831 2396 quorum
860 2319 1023 2398 cupiditate
1052 2320 1172 2400 quidam
1196 2321 1242 2380 in·

57 2403 269 2471 flammantur,
299 2419 388 2480 quam
416 2403 504 2462 multi
531 2404 573 2464 ita
600 2407 810 2472 contemnunt,
842 2411 875 2464 ut
902 2401 976 2464 nihil
1003 2405 1138 2474 inanius,
1167 2403 1242 2465 nihil

57 2507 130 2548 esse
152 2485 250 2546 levius
272 2487 456 2548 existiment!
488 2486 617 2566 itemque
641 2493 754 2556 cetera,
784 2503 859 2565 quae
876 2483 1058 2566 ¹quibusdam
1082 2487 1242 2550 admirabi-

56 2573 102 2631 lia
136 2571 288 2638 vidcntur‚
319 2569 461 2648 permulti
488 2577 558 2630 sunt
586 2571 637 2648 qui
665 2588 720 2650 pro
748 2570 844 2630 nihilo
872 2578 987 2648 putent.
1039 2571 1081 2630 lle
1109 2573 1240 2633 amicitia

95 2868 120 2928 ὅ.
145 2867 187 2916 83.
216 2877 262 2927 ea,
284 2877 354 2930 qnae
376 2877 482 2915 summo
503 2865 570 2917 aunt
587 2885 621 2906 =
676 2861 768 2930 haupt
791 2860 841 2916 das
869 2861 1049 2932 vorgcblicho
1077 2863 1240 2931 Beslreben,

52 2948 194 2989 summum
220 2937 339 2988 natmm
366 2932 478 2998 bonnm,
511 2930 564 2986 wie
592 2947 621 2986 es
676 2932 764 2986 etwas
784 2932 889 2986 einmal
909 2951 944 2986 zu
960 2933 1066 2988 Stande
1080 2933 1241 3004 gelromme-

55 3003 186 3058 nuchhar
204 3002 301 3058 heisco.
675 3017 725 3056 nes
753 3002 950 3072 nachhritglich
977 3005 1177 3076 ungeschehen
1205 3024 1242 3060 zu

93 3089 162 3143 quoa
175 3074 255 3128 inter.
272 3073 298 3127 S.
310 3091 345 3126 nu
355 3077 378 3138 ς.
390 3079 424 3127 90
434 3073 507 3140 qnod
517 3075 620 3126 contro.
675 3073 807 3139 mechom
822 3072 884 3128 hier
899 3073 959 3128 also
974 3075 1029 3128 den
1043 3074 1074 3128 in
1087 3075 1175 3144 Folge
1190 3077 1240 3130 des

6 3173 7 3178 κ
93 3146 253 3210 comitatus,
281 3145 404 3199 caneret:
437 3142 621 3212 Reisegesell-
675 3161 711 3195 zu
745 3144 846 3211 epictec
873 3144 999 3198 indcnre
1026 3144 1240 3214 eingehretenen

53 3215 166 3282 sehefb,
186 3214 239 3270 wie
254 3213 310 3270 Cic.
325 3213 385 3268 dat.
405 3219 434 3281 3,
453 3219 483 3280 3,
503 3219 532 3279 ὃς
553 3211 619 3268 sali.
675 3212 814 3280 Wunsch‚
840 3213 895 3268 den
917 3214 987 3270 bobr.
1007 3214 1239 3272 Freundschafts·

55 3287 122 3340 Gai.
143 3289 191 3354 tc,
213 3293 236 3338 1.
676 3281 756 3338 bund
778 3283 867 3338 lieber
890 3301 941 3354 gar
960 3284 1041 3340 nicht
1059 3287 1240 3356 geschlossen

94 3363 119 3422 ᾖ.
140 3361 183 3414 85.
202 3355 348 3412 dicendum
365 3385 401 3394 -
418 3355 536 3422 saepius.
556 3352 621 3423 Vgl.
677 3371 712 3406 zu
730 3355 831 3408 haben.

56 3433 109 3495 1⁷,
130 3434 163 3482 ⁶2
183 3426 216 3493 fc
236 3433 289 3508 21,
303 3432 344 3480 ⁷8·
711 3443 847 3510 impetent·
865 3467 899 3488 =
918 3443 949 3497 in
967 3459 1038 3514 enge
1052 3444 1238 3515 vernanuung

93 3499 263 3567 neglegentem
281 3498 319 3550 cst
332 3495 395 3550 Abl.
414 3511 489 3550 caua.
505 3527 538 3538 -
547 3495 620 3564 plec·
674 3511 727 3566 mig
745 3513 879 3568 einander
898 3516 1034 3584 gemm

53 3571 145 3622 timna·
162 3568 271 3622 kommb
288 3566 368 3620 nicht
381 3581 437 3620 von
450 3568 542 3634 pidem
559 3566 618 3634 her,

54 3638 181 3694 sondern
199 3654 255 3692 von
268 3639 382 3706 plector.
1229 3693 1233 3700 ,

96 3715 123 3764 et
145 3709 194 3764 dil.
214 3714 239 3764 et
261 3709 387 3764 colendis.
425 3705 487 3760 Wir
510 3712 621 3762 versan—
714 3707 879 3778 Quanquam
902 3723 920 3761 ιι
943 3707 1035 3762 multis
1056 3727 1136 3778 uam,
1161 3715 1240 3768 udm-

53 3797 127 3834 men
157 3794 199 3846 es,
227 3779 329 3835 vorher
356 3777 401 3832 die
424 3777 622 3834 erforderliche
675 3777 733 3835 lich
756 3793 813 3832 von
836 3777 890 3832 den
912 3777 1099 3836 Utilibariern.
1124 3813 1157 3821 -
1181 3782 1239 3837 Das

54 3850 190 3920 Priifung
209 3850 396 3916 anzustellen‚
420 3848 526 3902 welche
546 3848 622 3902 donn
678 3848 843 3919 Qumequnm
861 3848 963 3920 gehbrt
981 3850 1046 3904 dem
1061 3851 1146 3906 Sinna
1165 3854 1240 3907 nach

56 3919 259 3990 nachtr'dglich
277 3919 470 3989 &comedens
488 3920 623 3987 conuicia)
676 3938 711 3973 au
735 3920 790 3974 den
814 3919 982 3974 s'dmtlichen
1004 3923 1064 3975 vier
1086 3923 1239 3993 folgenden

56 4011 94 4046 zu
114 3993 181 4060 spitt
198 3991 314 4044 kommt.
677 3990 780 4044 Siteon
800 3990 901 4058 (denen
914 3991 1039 4046 nachher
1056 3993 1101 4046 De
1115 3995 1239 4050 ernincia

94 4068 160 4116 acta
182 4062 297 4130 aqimus.
330 4061 382 4114 Die
405 4059 562 4116 Rodensarb
584 4060 623 4116 ist
676 4077 767 4116 omnes
780 4061 986 4118 idemsentinnt
1000 4065 1237 4136 entgegcnateht).

56 4131 192 4188 entlehnt
205 4149 224 4186 n
237 4131 364 4197 tudinis,
381 4131 444 4196 nbi,
459 4132 532 4200 qnod
544 4132 623 4186 cernel
675 4131 730 4186 Um
754 4131 821 4186 aber
844 4131 1041 4202 Eintdnigkeih
1064 4153 1099 4188 zu
1121 4137 1239 4192 venhei-

54 4204 216 4258 indicniwm
230 4207 281 4267 eat,
296 4201 514 4256 frustrationem
528 4203 622 4271 agitor
676 4203 745 4270 den,
774 4203 827 4256 hab
849 4202 904 4256 Cic.
929 4203 984 4256 den
1006 4205 1109 4262 beiden
1132 4207 1239 4263 letzben

56 4274 193 4344 (Donat).
214 4272 259 4328 Sie
273 4271 438 4328 bezeichneb
452 4273 527 4327 daun
540 4273 621 4328 iiber·
677 4272 780 4328 Sbbzcn
796 4272 987 4344 selbsbitndige
1001 4275 1087 4332 Form
1103 4279 1238 4350 gegeben.

117 4371 243 4412 Grcmorns
256 4371 366 4410 Iamms.
1008 4369 1025 4418 4

709 3615 731 3674 5.
747 3616 789 3666 86.
811 3611 880 3680 Qud,
894 3609 1062 3678 insolern,
1081 3611 1238 3668 deshalb.
