2936 4928
519 221 761 292 XV,aa-XV1,
782 224 832 278 ao:
978 205 982 220 '
1214 218 1256 282 39

70 367 140 445 ipsi
168 364 315 425 truantur.
338 398 379 408 —
401 362 500 426 Altera
522 368 668 427 sententia
691 375 750 436 est,
773 385 848 446 quae
872 365 974 426 delinit
996 363 1153 426 amicitiam
1175 354 1308 442 pari-58

73 449 140 511 bus
174 447 278 510 officiis
311 466 346 510 ac
378 448 589 512 voluntatibus.
644 451 706 511 Hoc
738 451 858 531 quidem
890 459 934 510 est
966 449 1054 510 nimis
1088 449 1194 525 exigue
1228 456 1257 510 et

75 533 201 597 exiliter
230 533 267 594 ad
298 531 427 594 calculos
449 551 557 600 vocare¹
577 535 748 605 amicitiam,
778 542 811 596 ut
832 553 887 613 par
908 536 946 594 sit
967 535 1044 595 ratio
1067 537 1257 612 acceptorum

75 628 112 680 et
136 619 283 680 datorum.
328 617 449 678 Divitior
476 619 549 680 mihi
572 629 602 680 et
625 617 794 680 affluentior
817 618 933 678 videtur
956 636 1021 679 csse
1043 635 1112 678 vera
1127 617 1257 678 amicitia

72 721 138 764 nec
162 701 322 762 observare
349 703 487 764 restricte
508 721 546 764 ne
569 703 637 782 plus
650 703 758 764 reddat
772 722 860 784 quam
877 704 1039 782 acceperit:
1062 701 1256 781 nequeenim

74 785 247 848 verendum
275 795 319 848 est
341 805 380 847 ne
402 787 474 866 quid
497 787 614 850 excidat
636 794 686 848 aut
708 807 746 848 ne
768 787 838 867 quid
854 789 885 847 in
902 795 1012 848 terram
1028 785 1139 846 defluat
1153 793 1204 845 aut
1219 801 1257 844 ue

74 871 149 952 plus
173 887 269 948 aequo
292 870 363 950 quid
392 874 424 932 iu
446 873 607 934 amicitiam
629 880 818 950 congeratur.
836 905 877 916 -
892 871 1010 931 'leubus
1032 888 1103 932 vero
1123 867 1173 929 ibe
1188 870 1255 929 finis
1266 863 1309 928 59

75 957 282 1025 deterrimae,
306 965 354 1025 ut,
384 957 487 1035 quanti
508 958 636 1038 quisque
658 975 690 1017 se
712 959 778 1036 ipse
800 957 903 1025 faeiat,
926 956 1002 1017 tanti
1024 955 1075 1015 fiat
1090 951 1127 1014 ab
1143 954 1256 1014 amicis.

73 1041 180 1118 Saepe
203 1041 284 1100 enim
310 1041 342 1100 in
364 1038 541 1118 quibusdam
563 1048 615 1102 ant
636 1043 752 1102 animus
774 1039 918 1102 abiectior
941 1046 986 1100 est
1001 1047 1051 1100 aut
1066 1056 1136 1117 spes
1151 1035 1256 1116 ampli·

74 1123 217 1188 ficandae
244 1125 381 1185 fortunae
401 1126 534 1186 fractior.
578 1125 643 1186 Non
667 1134 713 1186 est
733 1127 825 1203 igitur
840 1127 930 1186 amici
945 1122 1116 1190 talemesse
1131 1123 1161 1182 in
1178 1140 1256 1191 eum,
1335 1141 1338 1146 ·

74 1207 178 1289 qualis
200 1207 250 1268 ille
278 1211 310 1268 iu
332 1227 364 1272 se
387 1217 446 1279 est,
470 1209 522 1269 sed
545 1213 644 1289 potius
664 1211 737 1270 eniti
753 1217 782 1270 et
797 1211 931 1278 efficere,
955 1217 988 1269 ut
1003 1209 1093 1268 amici
1109 1209 1257 1268 iacentem

73 1294 216 1354 animum
243 1294 352 1354 excitet
374 1293 556 1374 inducatque
578 1297 610 1354 iu
632 1311 717 1374 spem
739 1294 1009 1372 cogitationemque
1030 1290 1192 1354 meliorem.
1218 1323 1254 1334 —

76 1377 166 1437 Alius
194 1378 286 1455 igitur
308 1377 377 1438 linis
399 1395 485 1438 verae
508 1380 655 1440 amicitiae
678 1377 902 1441 constituendus
925 1385 984 1446 est,
1014 1379 1040 1437 si
1062 1377 1160 1456 prius,
1184 1373 1257 1454 quid

75 1463 210 1522 maxime
244 1461 467 1540 reprehendere
495 1463 596 1542 Scipio
624 1463 727 1524 solitus
755 1464 808 1533 sit,
844 1462 957 1524 dixero.
1007 1459 1141 1538 Negabat
1168 1457 1258 1519 ullam

75 1563 186 1614 vocem
208 1543 407 1608 inimiciorem
430 1549 578 1608 amicitiae
602 1550 734 1626 potuisse
756 1548 887 1626 reperiri
916 1563 1004 1625 quam
1027 1547 1106 1614 eius,
1136 1544 1187 1623 qui
1211 1543 1256 1602 dl-

77 1634 177 1691 xisset
198 1632 240 1690 ita
262 1648 362 1691 amare
385 1637 539 1710 oportere,
568 1639 603 1692 ut
625 1635 651 1692 si
674 1630 832 1711 aliquando
855 1637 934 1692 esset
955 1647 1079 1700 osurus;
1107 1647 1164 1688 nec
1185 1645 1256 1688 vero

74 1733 112 1774 se
137 1713 246 1774 adduci
268 1733 371 1794 posse,
395 1723 429 1776 ut
450 1716 522 1786 hoe,
546 1735 635 1796 quem
658 1715 831 1776 admodum
846 1709 1018 1794 putaretur,
1042 1712 1178 1774 aBiante
1195 1712 1256 1772 dic·

76 1808 147 1860 tum
170 1815 235 1860 csse
258 1798 412 1873 crederet,
443 1803 496 1879 qui
518 1804 638 1879 sapiens
658 1800 780 1861 babitus
803 1809 882 1860 esset
903 1817 981 1860 unus
1004 1817 1020 1858 e
1042 1805 1173 1876 septem;
1202 1797 1257 1858 im·

76 1885 154 1964 puri
182 1881 338 1944 cuiusdam
361 1892 411 1944 aut
439 1883 588 1945 ambitiosi
618 1891 669 1945 aut
698 1885 797 1946 omnia
820 1883 856 1944 ad
879 1901 962 1944 snam
984 1883 1148 1962 potentiam
1171 1899 1257 1941 revo-

75 1969 179 2028 cantis
202 1985 268 2028 csse
291 1971 480 2030 sententiam.
525 1968 659 2039 Quonam
683 1971 763 2030 enim
785 1968 873 2030 modo
888 1970 1045 2047 quisquam
1061 1968 1175 2026 amicus
1191 1983 1256 2025 csse

77 2054 195 2132 poterit
217 2053 259 2120 ei,
283 2053 332 2112 cui
354 2071 386 2113 se
408 2052 524 2132 putabit
552 2055 706 2114 inimicum
729 2071 794 2114 esse
809 2052 913 2131 posse?
935 2050 1014 2122 Quin
1029 2052 1119 2111 etiam
1134 2067 1258 2110 necesse

76 2139 142 2198 erit
169 2154 280 2215 cupere
310 2145 339 2196 et
367 2146 487 2216 optare,
522 2146 556 2198 ut
582 2156 671 2218 quam
700 2139 874 2216 saepissime
902 2143 1007 2216 peccet
1033 2136 1162 2209 amicus,
1198 2151 1257 2211 quo

80 2222 187 2300 plures
209 2219 259 2280 det
280 2220 339 2280 sihi
361 2229 511 2300 tamquam
535 2239 621 2283 ansas
644 2221 679 2282 ad
701 2219 999 2301 reprehendendum:
1022 2237 1142 2279 rursum
1157 2225 1257 2278 autem

76 2313 165 2366 recte
187 2305 274 2366 lactis
297 2305 522 2386 commodisque
543 2308 707 2368 amicorum
729 2323 854 2367 necesse
877 2307 935 2366 erit
958 2304 1039 2382 angi,
1068 2299 1185 2372 dolere,
1209 2302 1256 2361 in-

77 2389 192 2450 videre.
245 2387 309 2460 Qua
342 2407 376 2450 re
405 2390 463 2452 hoc
492 2391 611 2470 quidem
640 2399 846 2471 praeceptum,
881 2391 1094 2467 cuiuscumque
1123 2395 1183 2456 est,
1219 2385 1254 2446 ad
1266 2391 1309 2457 60

76 2473 242 2535 tollendam
266 2475 425 2536 amicitiam
448 2473 537 2536 valet:
560 2474 634 2536 illud
654 2478 755 2556 potius
777 2473 1024 2554 praecipiundum
1045 2473 1117 2540 fuit,
1140 2478 1174 2531 ut
1189 2488 1256 2531 eam

77 2629 353 2700 nervollatt'andigen,
368 2630 418 2684 der
432 2630 572 2684 zwieohen
586 2630 641 2684 den
695 2631 760 2698 fiais
778 2629 861 2697 wird,
881 2628 923 2682 als
943 2627 1055 2682 absolut
1068 2625 1255 2694 verwerssicm

79 2701 217 2755 Gliedern
227 2700 275 2754 das
285 2701 474 2770 Hauptsatzes
484 2701 542 2755 und
551 2701 642 2756 denen
696 2719 750 2754 nur
767 2698 902 2769 beilbufig
921 2697 1139 2767 nachgetragen.

78 2773 132 2827 des
151 2771 343 2826 Nebensatzes
361 2771 534 2827 hervortritt.
731 2773 773 2826 itu
791 2785 884 2826 amore
902 2773 1023 2838 oportere
1035 2785 1104 2822 new.
1115 2763 1197 2830 εὼς
1210 2769 1263 2823 δεῖ

116 2850 140 2910 5.
160 2847 202 2896 58.
221 2844 367 2908 sententia,
385 2859 455 2911 quae
472 2843 575 2910 definit.
608 2842 641 2896 In
698 2848 797 2913 φιλεῖν
815 2837 852 2906 ὥς
870 2838 1029 2913 μισήσαντα
1045 2839 1095 2894 καὶ
1132 2845 1206 2893 coetu
1220 2834 1258 2900 ὡς

78 2912 190 2969 Betreff
211 2911 303 2966 dieser
319 2913 491 2982 Metonymio
510 2913 566 2984 vgl.
587 2911 642 2967 (lio.
698 2909 869 2983 φιλήσοντα.
892 2941 928 2950 -
951 2908 1058 2964 Gellius
1082 2859 1174 2976 (ribot.
1197 2908 1257 2962 Att.

84 2987 121 3040 de
145 3001 202 3040 aen.
228 2990 274 3052 10,
298 2990 332 3038 32
355 3001 497 3053 umquam
519 3001 579 3040 amo
602 2999 644 3038 aa·
699 2991 728 3050 1,
756 2989 785 3050 3,
814 2985 858 3050 30)
886 2982 946 3051 legt
973 2979 1126 3034 denaelben
1149 2978 1258 3048 Spruoh

77 3071 176 3111 scamus
185 3055 341 3123 prouerbio,
354 3057 529 3124 quodmooet
537 3059 644 3110 motare
697 3054 789 3108 einem
813 3052 919 3105 andern
942 3052 992 3105 der
1015 3050 1111 3104 sieben
1134 3050 1257 3115 Weisen‚

79 3128 144 3195 fieri
161 3141 264 3190 aeuum
282 3125 342 3180 Liv.
363 3133 392 3192 2,
412 3132 441 3193 4,
461 3131 477 3180 3
496 3127 529 3180 iu
546 3129 644 3180 senatu
698 3125 762 3178 dem
780 3121 893 3189 Chilon,
911 3121 942 3174 in
961 3121 1015 3174 den
1033 3121 1128 3174 Mund.

80 3199 150 3253 vicit
172 3198 319 3262 sententia,
346 3212 416 3264 quoe
442 3197 564 3251 censebat
585 3195 644 3250 red·
733 3195 759 3248 aa'
777 3192 935 3263 aliquando.
964 3191 990 3246 S.
1011 3209 1046 3244 au
1064 3195 1087 3257 §-
1107 3197 1140 3244 27
1159 3191 1185 3244 ci
1203 3191 1238 3244 ol.

79 3268 174 3323 dendo
191 3270 274 3323 bono.
733 3265 838 3333 impuri
852 3262 1003 3320 catastam.
1024 3261 1050 3316 S.
1066 3280 1101 3315 zu
1115 3266 1137 3328 ξ.
1150 3268 1183 3315 21
1198 3261 1257 3330 qui·

114 3340 235 3408 poribus
249 3339 357 3405 officiis.
377 3337 433 3392 Der
448 3337 503 3393 den
513 3337 582 3392 Sina
596 3337 645 3390 des
699 3336 763 3391 dom
782 3335 861 3389 docti.

80 3411 181 3464 Satzes
209 3408 418 3464 beherschende
445 3407 579 3479 Hauptbe
615 3405 649 3461 iff
738 3407 814 3476 Quia
831 3405 913 3459 ettam
931 3419 1032 3458 necesse
1046 3421 1113 3458 usw.
1133 3402 1187 3456 Mit
1201 3402 1258 3456 die-

80 3479 588 3552 liegtindemAdjeotive.ImDeuteo
609 3495 644 3533 en
698 3493 743 3532 ser
764 3475 954 3546 Behauptung
982 3474 1051 3545 geht
1078 3472 1123 3527 die
1147 3472 1257 3526 Wider-

80 3553 122 3607 ist
140 3551 269 3606 dasselbe
287 3569 323 3604 zu
341 3549 584 3606 substantivieren.
698 3549 804 3618 legung
823 3565 858 3600 zu
876 3545 949 3601 weit.

119 3624 246 3678 restricte.
267 3621 312 3676 ‘So
331 3619 386 3676 Cio.
411 3621 445 3675 de
468 3621 523 3692 leg.
548 3628 576 3689 2,
602 3625 643 3688 18,
734 3612 1260 3687 optoreberuhtaufverntinftigerllr-

81 3699 132 3758 45;
162 3693 196 3748 de
219 3709 249 3747 re
272 3709 299 3760 p.
324 3697 353 3760 3,
377 3697 401 3746 4.
438 3691 496 3746 Das
520 3690 645 3761 Simplex
674 3691 821 3758 ‘wagnng
836 3686 891 3754 (die
906 3687 993 3740 etwas
1007 3683 1053 3738 ffir
1067 3685 1260 3754 dasoptimam

81 3762 173 3818 heisst
203 3763 250 3817 bei
277 3761 372 3817 Cicero
404 3763 533 3829 strictim,
565 3761 645 3816 nieht
698 3760 784 3829 halt),
816 3773 913 3826 cupere
944 3755 996 3810 aut
1024 3755 1089 3810 dem
1115 3755 1259 3810 unmittel·

80 3835 183 3890 stricte.
698 3831 787 3885 baren
800 3829 913 3899 Drange
928 3827 976 3882 des
990 3826 1174 3897 Verlungens.
1193 3825 1258 3895 Vgl.

120 3904 229 3960 excidat
242 3909 292 3958 atti
305 3905 421 3973 defluat,
435 3933 469 3943 -
482 3906 515 3958 ut
529 3902 559 3956 in
568 3917 644 3957 men·
698 3898 773 3958 κατὰ
792 3898 886 3971 φρένα
903 3901 953 3955 καὶ
971 3894 1045 3954 κατὰ
1063 3892 1173 3969 θυμόν.

82 3976 157 4031 suria
176 3975 319 4030 aridorum
336 3975 549 4043 fluidorumqne.
733 3975 803 4026 recte
820 3970 903 4037 faetta
921 3986 942 4024 c.
962 3986 985 4038 q.
1001 3993 1035 4014 ==
1049 3967 1112 4021 Abl.
1133 3982 1208 4020 caus.
1225 3996 1260 4006 -

121 4051 144 4112 §-
165 4051 206 4100 59.
225 4047 341 4101 inducat
358 4048 390 4100 ia
407 4061 488 4116 apem.
506 4044 571 4115 Vgl.
588 4042 643 4098 Cio.
698 4042 751 4096 Die
779 4041 873 4096 Verba
901 4042 980 4110 aopi,
1009 4039 1110 4103 dolere,
1138 4037 1261 4092 innidere

82 4119 120 4171 de
139 4115 185 4171 off.
205 4123 235 4184 2,
260 4122 306 4184 15,
331 4122 364 4172 53
388 4133 458 4186 quae
480 4121 505 4172 te
522 4115 595 4171 ratio
614 4115 646 4169 io
700 4113 763 4168 sind
782 4112 895 4166 absolut
912 4109 1074 4181 gebraucht.

82 4191 166 4243 iatam
184 4203 257 4256 apem
275 4187 396 4242 induxit.
736 4189 759 4250 ς.
775 4189 817 4238 60.
836 4181 908 4236 illud
917 4181 1013 4250 potina
1022 4178 1145 4248 proecip.
1166 4175 1333 4245 Salicum„

121 4260 146 4312 oi
158 4260 243 4328 priua
260 4289 296 4298 -
314 4259 417 4314 dixero.
440 4257 538 4312 Dieeer
555 4255 645 4312 vierte
701 4253 787 4310 Solon
808 4253 898 4308 lehrte
918 4251 1009 4322 (Diog.
1034 4249 1126 4304 Laert.
1148 4255 1174 4302 t.
