2936 4928
225 226 268 292 42
732 221 887 280 LAELIUS

224 371 260 432 ad
290 389 364 450 quas
391 387 451 431 non
480 379 526 430 est
554 366 640 430 facile
668 371 790 430 inventu
820 370 872 448 qui
901 365 1091 430 descendant.
1136 365 1312 445 Quanquam
1339 365 1404 426 En·

225 459 294 518 nius
317 463 416 517 recte:

487 539 608 600 Amicus
628 545 727 600 certus
748 535 779 598 in
801 554 836 598 re
857 539 973 598 ineerta
994 536 1138 605 ce'rnitur,

224 667 323 720 tamen
352 657 425 718 haec
451 658 510 718 duo
532 657 661 718 levitatis
684 664 713 717 et
735 657 918 718 infirmitatis
940 655 1101 735 plerosque
1123 657 1321 724 convincunt,
1348 661 1404 714 aut

224 747 251 804 si
280 745 312 804 in
340 741 427 802 bonis
450 741 541 802 rebus
569 749 767 822 coqtemnunt
789 750 839 802 aut
862 743 894 802 in
916 739 1002 801 malis
1025 729 1177 801 deseruit.
1222 737 1280 810 Qui
1303 741 1402 816 igitur

224 835 352 906 utraque
379 829 411 887 in
437 844 470 886 re
492 843 625 904 gravem,
658 834 857 894 constantem,
887 825 1026 886 stabilem
1048 843 1081 886 se
1102 827 1133 884 in
1157 826 1288 885 amicitia
1311 841 1402 902 prae·

224 915 349 980 stiterit,
378 909 458 972 huno
482 929 518 972 ex
540 913 668 971 maxime
691 928 760 971 raro
783 927 894 988 genere
916 909 1072 971 hominum
1095 908 1230 970 iudicare
1253 907 1401 968 debemus

115 1027 122 1040 ·
225 1005 255 1056 et
276 1013 371 1075 paene
394 996 504 1056 divino.

170 1074 214 1140 65
308 1079 408 1140 XVlll.
431 1079 664 1141 Firmamentum
688 1087 788 1140 autem
811 1077 983 1139 stabilitatis
998 1079 1244 1156 constantiaeque
1260 1085 1305 1138 est
1321 1078 1400 1143 eius.

223 1183 313 1244 quam
335 1167 366 1224 in
389 1166 521 1226 amicitia
543 1166 731 1242 quaerimuS,
761 1163 843 1224 fides.
889 1161 970 1224 Nihil
994 1169 1038 1222 est
1060 1165 1141 1222 enim
1163 1161 1287 1230 stabile,
1317 1162 1400 1240 quod

222 1249 348 1310 infidum
371 1255 424 1309 est.
471 1248 646 1328 simplicem
668 1254 825 1326 praeterea
849 1255 877 1307 et
898 1265 1087 1308 conrmunem
1103 1255 1133 1307 et
1148 1249 1399 1315 consentientem,

155 1389 157 1404 ἶ
223 1333 253 1394 id
288 1341 347 1403 est,
382 1334 434 1410 qui
469 1331 561 1393 rebus
589 1331 684 1393 isdem
712 1339 881 1401 moveatur,
916 1332 987 1409 eligi
1016 1349 1071 1410 par
1099 1339 1157 1400 est,
1192 1349 1268 1408 quae
1297 1334 1400 1391 omnia

222 1419 375 1496 pertinent
398 1417 433 1477 ad
456 1416 639 1478 fidelitatem.
684 1415 790 1495 Neque
814 1417 894 1476 enim
917 1415 1009 1476 lidum
1031 1423 1129 1494 potest
1152 1429 1218 1475 esse
1240 1413 1401 1494 multiplex

222 1504 377 1579 ingenium
405 1509 434 1562 et
463 1508 644 1568 tortuosum,
674 1519 773 1578 neque
794 1518 880 1570 vero,
904 1503 1038 1578 quinon
1062 1498 1158 1560 isdem
1181 1498 1273 1560 rebus
1295 1517 1399 1560 move-

137 1635 138 1638 *
222 1594 273 1647 tur
301 1595 468 1664 naturaque
495 1587 660 1654 consentit,
690 1593 742 1646 aut
769 1583 845 1646 fidus
874 1591 924 1645 aut
955 1581 1071 1644 stabilis
1097 1590 1196 1662 potest
1218 1600 1292 1644 esse.
1339 1584 1399 1644 Ad-

223 1669 353 1732 dendum
376 1671 481 1731 eodem
504 1678 563 1740 est,
587 1677 620 1731 ut
642 1687 680 1730 ne
703 1667 882 1729 criminibus
905 1677 957 1730 aut
978 1667 1144 1729 inferendis
1167 1666 1332 1729 delectetur
1348 1675 1401 1728 arrt

222 1754 326 1815 credat
353 1753 476 1823 oblatis,
506 1773 582 1832 quae
610 1756 763 1832 pertinent
791 1756 890 1814 omnia
920 1753 957 1814 ad
980 1771 1059 1819 eam,
1089 1771 1179 1831 quam
1201 1755 1261 1813 iam
1284 1752 1400 1814 dudum

221 1847 333 1908 tracto,
357 1842 563 1900 constantiam.
608 1839 651 1899 lta
673 1839 706 1899 lit
727 1855 832 1899 verum
854 1836 943 1906 illud,
973 1837 1054 1916 quod
1076 1839 1165 1898 initio
1187 1837 1265 1907 dixi,
1292 1839 1399 1898 amici·

222 1926 294 1983 tiam
316 1925 376 1984 nisi
399 1925 477 1984 inter
499 1922 594 1984 bonos
617 1941 682 1984 esse
710 1941 770 1983 non
792 1940 890 2002 posse.
934 1921 987 1982 Est
1009 1923 1089 1982 enim
1111 1920 1184 1982 boni
1206 1923 1277 1989 viri,
1307 1939 1400 2000 quem

223 2007 351 2068 eundem
374 2009 540 2086 sapientem
561 2007 632 2068 licet
654 2007 771 2085 dicere,
798 2007 872 2068 haec
895 2006 954 2067 duo
976 2014 1079 2067 tenere
1102 2007 1133 2066 in
1156 2007 1304 2066 amicitia:
1334 2009 1398 2084 pri-

221 2111 318 2162 mum,
343 2109 380 2152 ne
403 2093 475 2171 quid
499 2095 601 2153 fictum
624 2095 663 2153 sit
684 2109 758 2152 nere
781 2090 971 2161 simulatum:
1002 2097 1104 2170 aperte
1127 2093 1206 2150 enim
1229 2091 1275 2151 vel
1298 2089 1400 2152 odisse
1459 2107 1460 2110 ’

221 2180 316 2254 magis
343 2179 467 2255 ingenui
495 2186 540 2238 est
567 2196 657 2256 quam
679 2175 777 2237 fronte
800 2177 952 2237 occultare
975 2177 1168 2237 sententiam:
1199 2173 1308 2235 deinde
1336 2193 1399 2236 non

256 2377 313 2417 non
330 2368 369 2416 est
386 2364 468 2431 focile
486 2364 600 2418 incentu
614 2363 662 2431 qui
675 2363 780 2416 descen
835 2362 926 2416 chcnd
943 2377 1000 2416 von
1017 2361 1155 2416 consensio
1174 2367 1203 2430 4,
1224 2364 1268 2429 15)
1287 2361 1317 2416 in
1332 2363 1398 2417 dem

221 2434 297 2488 dunt.
332 2433 358 2487 S.
387 2452 422 2488 nu
445 2439 467 2500 5.
493 2441 525 2488 12
553 2449 606 2502 quo
633 2433 666 2488 de
686 2447 781 2502 uenere
835 2433 992 2488 selteneren
1011 2431 1095 2486 Sinne
1115 2431 1397 2503 desMitgefiihls,

220 2505 281 2572 diff.
301 2505 377 2558 dictu
395 2510 441 2559 est.
835 2503 885 2557 der
912 2503 1113 2558 Teilnehme
1143 2503 1206 2570 (wie
1229 2503 1340 2558 Lucret.
1371 2511 1396 2572 3,

258 2575 289 2644 Q.
313 2575 441 2642 Ennius,
468 2575 531 2645 geb.
560 2593 596 2628 zu
619 2574 728 2629 Rudiae
750 2575 781 2628 in
836 2573 1398 2643 ruaf.)undbek0mmtdahernocheinen
1458 2575 1459 2594 ³

221 2644 370 2700 Calabrien
384 2663 408 2700 a.
424 2653 485 2713 239,
500 2663 559 2700 war
573 2646 622 2700 der
635 2645 781 2700 Verfasser
835 2645 1020 2700 erklttrenden
1029 2645 1129 2700 Zusatz
1140 2645 1229 2700 durch
1238 2645 1317 2700 idest
1326 2663 1397 2700 usw.

221 2717 297 2772 eines
329 2717 438 2772 damuls
465 2717 707 2771 hochberirhmten
734 2733 780 2788 ge·
870 2716 1032 2771 criminibus
1045 2734 1112 2770 usw.
1127 2715 1397 2787 Beschuldigungen

206 2787 426 2844 echichtlichen
448 2788 523 2856 Epos
547 2787 695 2856 (Annales)
722 2787 780 2840 und
834 2785 947 2841 konnen
965 2786 1044 2841 nicht
1066 2804 1119 2840 nur
1137 2803 1229 2858 gegen
1243 2786 1399 2856 jemanden

220 2859 362 2914 mehrerer
370 2857 537 2928 Tragddien‚
549 2875 598 2911 aus
609 2858 694 2911 deren
704 2857 780 2911 einer
835 2857 958 2912 erhoben
967 2857 1151 2925 (inferendis),
1161 2858 1397 2914 sondernausser-

221 2929 271 2982 der
285 2929 381 2998 obige,
400 2929 489 2982 durch
503 2927 579 2982 scine
594 2928 697 2982 achtine
711 2927 780 2982 Alli·
834 2928 899 2982 dem
913 2928 985 2982 auch
999 2927 1090 2982 einem
1104 2928 1217 2982 Drittcn
1231 2929 1398 2984 zurKennt-
1457 2945 1458 2966 l

116 3035 118 3040 -
219 2998 342 3052 teraiion
371 2998 431 3053 sich
461 2997 682 3053 uuszeichnende
711 2998 780 3052 iam·
834 2998 1399 3069 nisnahmeentgegengebrachl(oblatis)

220 3069 316 3122 bische
334 3069 405 3124 Vers
424 3071 547 3124 stammt.
834 3069 893 3122 und
910 3069 1051 3124 berichtet
1074 3069 1141 3140 (vgl.
1165 3069 1302 3125 nachher:
1327 3072 1397 3126 allu-

256 3145 306 3194 uut
319 3141 351 3194 ei.
370 3140 441 3194 Dem
454 3141 535 3195 htttte
545 3139 698 3210 eigenldieh
708 3140 780 3194 auch
834 3145 878 3194 tue
896 3141 1110 3210 crininutimue)
1130 3141 1250 3195 werden.

220 3211 345 3264 naohher
376 3211 422 3264 ein
449 3211 652 3281 vollstitndiges
680 3217 730 3265 uui
756 3212 782 3266 si
869 3211 952 3265 initio
971 3212 1041 3266 dini.
1072 3211 1097 3266 S.
1117 3211 1191 3266 oben
1209 3217 1238 3279 t,
1259 3217 1299 3267 18.

220 3281 406 3350 entsprechen
419 3286 538 3336 mlissen.
559 3281 603 3350 (Si
617 3287 668 3336 aut
682 3312 716 3320 -
731 3287 782 3336 cut
866 3283 996 3350 primuni.
1017 3281 1043 3336 S.
1064 3300 1098 3335 zu
1116 3287 1139 3347 5.
1160 3287 1202 3336 11.

220 3351 349 3422 dugegen
380 3352 476 3407 wiirdc
509 3370 562 3406 nur
589 3351 690 3406 einen
717 3351 781 3405 nan
869 3353 983 3422 inqenui
1011 3351 1087 3407 steht
1109 3351 1155 3406 bei
1178 3353 1320 3408 Personen
1343 3373 1397 3409 nur

220 3423 293 3476 nach
321 3422 390 3477 zwei
418 3423 637 3478 verschiedenen
659 3423 780 3478 Formen
834 3422 924 3477 seiten
946 3422 977 3476 in
998 3423 1201 3493 iibertragener
1218 3424 1395 3496 Bedeutung‚

221 3493 378 3564 anfdhren.)
835 3493 888 3548 wie
902 3493 971 3548 hier.
995 3493 1132 3564 Dagegen
1145 3493 1188 3548 oft
1201 3495 1337 3564 inperitiae
1351 3513 1397 3550 ur·

255 3565 287 3618 in
304 3565 392 3620 nulia.
411 3564 476 3635 Vgl.
496 3563 550 3619 Cic.
571 3563 670 3618 defin.
691 3570 716 3632 2,
736 3569 778 3632 24,
833 3569 871 3619 tec
889 3582 916 3618 ιι.
936 3564 993 3635 dgl.

222 3640 254 3688 79
274 3636 398 3690 iacturae
415 3637 455 3690 rei
473 3635 624 3703 familiario
642 3640 723 3690 erunt
736 3635 779 3702 fu·
867 3635 965 3702 fronte.
997 3635 1062 3706 Vgl.
1086 3634 1141 3690 Cic.
1170 3635 1274 3690 defin.
1299 3643 1328 3704 2,
1353 3643 1396 3705 24,

221 3705 351 3771 ciendae,
366 3707 470 3761 labores
483 3706 664 3776 suscipiendi,
679 3707 780 3762 adeun
836 3712 869 3761 tr
888 3707 920 3760 in
936 3707 1027 3773 fronte
1040 3707 1184 3761 ostentatio
1197 3706 1247 3772 eit,
1264 3707 1342 3762 intus
1355 3724 1397 3762 ce·
1455 3769 1456 3780 χ

221 3776 287 3831 dun
304 3777 376 3830 uitae
389 3778 552 3844 periculum.
834 3777 906 3832 ritus
923 3775 1092 3832 occultetur?
1455 3781 1456 3810 l

235 3847 781 3918 ¹inanimeraro.DerSuperlatinselbst
870 3849 967 3902 deinde
984 3879 1020 3887 -
1037 3847 1170 3915 repellere.
1198 3847 1269 3902 Eine
1291 3849 1396 3904 leichte

220 3917 329 3972 kommt
343 3917 415 3972 auch
429 3933 492 3986 νοις
507 3937 528 3972 s.
543 3937 578 3972 nu
594 3924 616 3984 5.
634 3925 666 3974 'lli
676 3920 780 3988 praeci.
835 3918 1039 3985 Anakoluthie,
1067 3935 1116 3970 um
1139 3934 1170 3972 so
1193 3917 1338 3973 cinfacher
1361 3940 1398 3974 zu

220 4005 296 4043 rura.
835 3988 1048 4060 reohtfertigen,
1076 3987 1141 4043 weil
1163 3987 1219 4043 cie.
1248 3991 1321 4044 auch
1346 4008 1398 4045 ror

256 4064 279 4125 5.
300 4064 342 4114 65.
366 4058 448 4114 Ntnn
466 4064 504 4114 eet
522 4060 593 4115 enirn
611 4079 678 4115 usw.
712 4059 781 4116 Con·
835 4061 885 4115 der
909 4059 1151 4129 eingeschobenen
1174 4060 1240 4130 (vgl.
1265 4077 1301 4114 zu
1319 4066 1342 4126 5.
1363 4067 1396 4115 73
1454 4095 1455 4106 1

220 4129 350 4184 stridere:
383 4131 467 4197 uitii,
499 4131 572 4200 quod
599 4132 717 4198 infidum
743 4136 782 4186 est
834 4147 919 4200 neque
940 4135 972 4184 tu
990 4131 1091 4200 poscis)
1110 4130 1302 4202 Begrilndung
1325 4133 1398 4187 stati
1454 4109 1455 4200 l

221 4200 319 4268 (daher
338 4201 388 4255 der
405 4201 516 4270 indie),
536 4207 575 4256 est
592 4203 695 4257 stabile.
834 4217 868 4256 ne
885 4201 954 4271 quid
970 4201 1064 4268 iictun
1081 4201 1118 4255 sit
1130 4201 1211 4256 hane
1225 4217 1314 4272 angen
1327 4202 1397 4256 kdn-

255 4273 458 4327 conuentiontern
483 4272 561 4327 steht
582 4272 644 4328 hier
668 4272 780 4340 (ebwei-
834 4289 902 4327 nen:
921 4272 994 4326 niliil
1011 4273 1118 4343 inpetu.
