2936 4928
512 223 563 292 IX,
582 223 717 290 aa-X1‚
737 229 779 278 ar.
1189 221 1231 286 29

59 366 253 438 labefactari,
282 370 309 430 si
335 369 366 430 in
394 368 517 430 honoris
539 371 759 430 contentionem
787 367 978 436 incidissent3
1007 375 1122 448 pestem
1151 369 1232 429 eninr

59 452 175 514 nubam
197 454 342 516 maiorem
364 471 429 514 esse
451 456 592 516 amicitiis
614 471 703 534 quarn
724 455 757 514 in
778 453 929 532 plerisque
952 455 1096 532 pecuniae
1118 451 1232 530 cupidi-

61 547 173 608 tatem,
196 541 228 602 in
250 539 371 618 optimis
393 537 562 620 quibusque
583 538 708 600 honoris
732 545 885 600 conamen
909 545 938 600 et
959 535 1088 616 gloriae,
1115 555 1151 598 ex
1172 556 1232 618 quo

59 623 239 686 inimicitias
253 625 399 684 maximas
414 640 502 704 saepe
523 625 603 685 inter
625 623 821 684 amicissimos
843 625 987 686 extitisse.
1022 621 1128 700 Magna
1142 625 1232 684 etiam
1243 627 1284 694 35

60 707 192 770 discidia
207 715 236 768 et
256 707 433 787 plerumque
455 711 534 772 iusta
549 710 639 778 nasei,
665 725 734 768 oum
749 707 862 784 aliquid
886 706 922 770 ab
946 709 1050 770 amicis
1072 707 1153 786 quod
1167 725 1232 767 rec-

59 799 126 852 tum
149 810 209 856 non
232 798 312 855 esset
333 792 551 871 postrdaretura
570 799 604 854 ut
625 799 678 860 aut
691 791 833 853 libidinis
855 794 986 856 ministri
1009 797 1060 854 aut
1083 791 1233 854 adiutores

59 885 164 938 essent
191 875 227 938 ad
257 878 416 947 iniuriam,
450 877 544 957 quod,
578 880 630 959 qui
660 885 850 946 recusarent,
884 878 1020 957 quamvis
1051 875 1175 938 honeste
1204 875 1232 936 id

59 963 212 1031 lacerent,
235 963 283 1022 ius
304 967 404 1024 nmen
426 964 576 1024 amicitiae
599 962 739 1025 deserere
762 970 961 1040 arguerentur
982 960 1020 1022 ab
1041 963 1096 1030 iis,
1123 959 1235 1041 quibus

60 1045 192 1126 obsequi
212 1045 341 1116 nollent;
364 1046 432 1107 illos
453 1053 567 1116 autern.
591 1049 643 1124 qui
664 1046 783 1126 quidvis
797 1045 834 1106 ab
857 1047 951 1108 amico
966 1046 1111 1109 auderent
1132 1053 1233 1122 postu·

59 1131 136 1200 lare,
160 1129 359 1208 postulatione
381 1133 447 1210 ipsa
468 1133 605 1212 profiteri
620 1133 766 1192 omniane
783 1133 873 1194 amici
891 1149 981 1194 causa
1001 1149 1067 1192 esse
1089 1131 1233 1192 facturos.

59 1214 175 1276 Eorum
197 1214 321 1294 querela
347 1217 512 1278 inveterata
532 1234 592 1278 non
614 1216 702 1278 modo
724 1213 943 1279 familiaritates
971 1217 1103 1294 extingui
1127 1215 1232 1284 solere,

59 1300 115 1360 sed
132 1299 201 1360 odia
216 1302 307 1360 etiam
327 1297 411 1378 gigni
432 1303 623 1381 sempiterna.
661 1300 741 1362 Haec
756 1303 799 1362 ita
813 1301 906 1362 multa
928 1303 1014 1378 quasi
1035 1302 1096 1362 lata
1117 1302 1234 1380 impen-

59 1383 135 1444 dere
158 1383 316 1454 amicitiis,
346 1393 378 1446 ut
405 1388 504 1449 omnia
531 1384 741 1463 subterfugere
769 1404 830 1448 non
856 1385 944 1448 modo
971 1387 1151 1464 sapientiae,
1181 1383 1233 1446 sed

59 1472 155 1530 etiam
177 1467 329 1530 felicitatis
350 1469 465 1532 diceret
486 1469 546 1532 sibi
569 1470 676 1532 videri.

148 1551 197 1614 Xl.
221 1551 464 1628 Quamobrem
492 1555 524 1616 id
546 1557 677 1635 primunr
700 1553 868 1625 rideamne,
899 1557 925 1616 si
946 1554 1060 1634 placet,
1090 1561 1234 1634 quatenus
1243 1555 1285 1620 36

59 1655 147 1698 amor
177 1640 209 1698 in
238 1639 370 1700 amicitia
398 1639 539 1718 progredi
567 1638 683 1702 debeat.
712 1639 845 1709 Numne‚
874 1640 900 1700 si
929 1638 1103 1702 Coriolanus
1130 1636 1235 1700 habuit

59 1725 190 1794 amicos,
213 1723 294 1784 ferre
322 1730 423 1786 contra
451 1726 578 1803 patriam
600 1741 684 1786 arma
705 1723 750 1784 illi
773 1739 840 1786 cunr
862 1722 1018 1786 Coriolano
1048 1721 1234 1786 debuerunt?

62 1825 137 1868 num
160 1807 342 1868 Vecellinum
366 1809 453 1870 amici
480 1826 606 1887 regnum
628 1815 833 1888 appetentem,
861 1827 931 1870 nunt
954 1807 1100 1870 Maelium·
1122 1807 1234 1870 debne·

60 1899 136 1954 runt
157 1893 276 1953 iuvare?
320 1892 367 1953 Ti.
390 1892 510 1972 quidem
534 1893 701 1956 Gracchum
723 1911 788 1956 rem
809 1892 961 1973 publicam
983 1901 1138 1954 vexantem
1160 1911 1178 1954 a
1199 1892 1284 1963 (137

58 2095 131 2132 uum
149 2083 199 2132 out
213 2078 346 2146 Africuul
355 2085 463 2148 patrue
478 2086 527 2135 uret
540 2082 621 2136 mul·
676 2083 748 2136 sealt
765 2082 850 2146 euim,
873 2079 925 2135 wie
945 2077 985 2134 δέ
1004 2083 1075 2135 stabi
1092 2078 1186 2152 peip),
1204 2079 1235 2134 in

60 2155 114 2204 tos
128 2155 301 2217 maculantes
318 2151 399 2204 uiros.
677 2151 883 2221 selbst'a'ndiger
900 2151 984 2206 norm
1003 2170 1052 2206 zur
1070 2151 1154 2206 Seite.

94 2225 210 2288 pestem,
241 2221 462 2290 metaphorisch;
494 2223 622 2292 pestilera
710 2225 869 2278 uweterutu.
892 2222 956 2292 Vgl.
971 2223 1026 2278 Cie.
1042 2223 1077 2276 de
1092 2221 1138 2278 off.
1152 2229 1177 2289 2,
1193 2227 1234 2289 17,

60 2293 146 2356 tium,
165 2291 325 2362 eigentlich.
341 2323 374 2331 -
389 2281 528 2365 'Ubrigens
547 2295 624 2349 steht
677 2300 711 2348 58
734 2309 836 2362 mupuu
858 2309 885 2348 ee
907 2299 932 2348 et
954 2294 1104 2350 inueterata
1126 2294 1236 2348 luuldiu

59 2361 139 2415 hier
158 2361 207 2416 der
224 2362 310 2417 Datin
329 2365 470 2430 uutuctu,
494 2365 558 2419 weil
577 2365 623 2420 die
677 2366 811 2420 liberauit.

61 2431 171 2486 Gefuhr
189 2433 238 2487 der
252 2432 385 2504 Geldgier
402 2452 458 2489 von
472 2451 572 2491 aussen
587 2453 623 2491 an
712 2441 734 2502 ξ.
751 2443 792 2490 36.
825 2433 948 2502 Nuuauc,
963 2435 1062 2490 dessen
1076 2433 1236 2490 Classiciibb

62 2504 110 2557 die
129 2503 334 2558 Freundschaib
350 2506 515 2574 herantritt;
539 2508 622 2578 dage·
676 2506 834 2562 beaweifelb
857 2507 970 2562 worden
992 2507 1042 2574 isi,
1066 2507 1154 2561 findet
1176 2506 1236 2561 sich

61 2592 120 2645 gen
148 2575 253 2630 nnten
277 2577 334 2644 (15,
362 2580 406 2646 at)
431 2577 463 2632 iu
485 2579 623 2644 amieibiie,
677 2579 749 2632 auch
762 2577 809 2632 bei
823 2576 878 2631 (lie.
893 2578 928 2631 de
942 2578 1016 2632 deor.
1031 2581 1088 2632 nal.
1105 2585 1129 2644 1,
1144 2584 1187 2644 31,
1201 2583 1235 2632 88

62 2645 131 2700 weil
150 2645 194 2698 die
213 2646 278 2700 dart
292 2647 435 2702 erwiihnbe
449 2649 623 2703 adulatio-
678 2648 719 2716 (Ο.
730 2648 896 2716 Ribbeck,
911 2648 974 2701 Lat.
988 2647 1146 2716 Perbikeln,
1158 2654 1235 2715 1869,

61 2718 213 2772 assentatio
241 2715 271 2772 in
294 2718 344 2772 der
365 2719 534 2774 verkebrteu
556 2720 623 2774 Auf-
678 2738 705 2790 p.
727 2723 779 2787 13).

62 2787 163 2844 fassnn
192 2787 624 2845 derFreundsehaflselbstwur·
713 2789 884 2844 Oorioluuue.
904 2789 953 2844 On.
970 2789 1107 2856 Murciam,
1121 2789 1171 2843 der
1189 2790 1236 2843 be-

62 2858 130 2913 zelt.
193 2859 261 2912 aher
287 2859 402 2914 herscht
424 2861 497 2914 auch
519 2861 550 2915 in
573 2861 623 2916 Be·
677 2861 783 2915 kanuto
797 2860 934 2916 Ereberer
947 2879 1004 2916 von
1017 2860 1160 2928 Corioli,
1170 2861 1235 2914 wel-

63 2928 134 2982 treff
159 2928 207 2983 des
232 2928 399 2985 (ledanlrens
426 2931 493 2986 kein
515 2931 623 2986 Wider-
678 2933 744 2986 cher
763 2934 858 3002 spiter
878 2934 912 2999 (a.
932 2935 995 3000 489)
1015 2932 1090 2987 aeine
1110 2931 1235 2986 undunk-

63 2999 170 3069 spruch
185 2999 324 3056 awischau
334 3001 388 3056 den
397 3002 499 3058 beiden
509 3003 623 3058 Sielien.
677 3005 745 3058 bare
763 3003 930 3057 Veberstadt
948 3003 1001 3057 mil
1019 3004 1111 3058 einem
1128 3002 1234 3058 Volsoi·

66 3142 624 3215 ..
678 3075 776 3212 rere>
786 3073 1236 3214 resurrecturae

65 3212 234 3280 (nannet,
249 3213 379 3284 umagen.
392 3214 518 3286 sanurgr.
529 3221 552 3280 s.
565 3221 623 3285 124,
678 3187 829 3285 reduetus
847 3231 880 3270 u
899 3231 966 3285 apro
984 3215 1110 3271 namna
1127 3217 1236 3271 ceuceu

66 3289 96 3349 ὁ,
117 3285 151 3351 ε.)
170 3283 267 3338 Plural
285 3286 395 3353 opetum
412 3286 562 3356 quibusque
575 3287 624 3340 fin·
678 3289 719 3341 ru'
742 3301 897 3354 oppreeatuu
920 3288 1024 3355 pause
1046 3289 1163 3342 trudunt
1185 3289 1237 3342 ulii

64 3353 116 3408 deb
131 3353 376 3428 seineErklilrung
390 3356 478 3424 deria,
494 3357 558 3412 dass
568 3357 625 3412 die·
678 3359 734 3412 αῑίο
748 3359 814 3422 leto,·
827 3383 863 3398 -
877 3357 988 3412 Laelius
1003 3358 1103 3413 nimmb
1118 3360 1171 3425 (12,
1190 3362 1235 3427 42)

65 3441 112 3478 ser
135 3425 282 3480 Ausdruck
305 3427 356 3480 auf
376 3427 626 3498 Freundespaare
680 3427 855 3484 Selbstmord
873 3445 916 3483 an.

66 3513 103 3548 zu
121 3495 256 3550 beziehen
274 3497 319 3552 isi.
714 3516 775 3554 eum
801 3499 955 3554 Onrioluuo.
992 3500 1048 3553 Der
1070 3501 1160 3553 Name
1183 3499 1236 3553 mit

104 3571 127 3631 ξ.
144 3572 185 3620 35.
205 3568 294 3634 iustu,
312 3569 337 3622 d.
353 3570 380 3622 h.
395 3569 625 3626 vonSeibender·
679 3570 850 3626 Nachdruck
868 3570 1040 3624 wiedarbolt.

63 3637 194 3708 jenigen,
218 3638 264 3692 die
282 3638 342 3693 sich
361 3640 468 3695 solches
487 3642 625 3696 Unreehls
720 3641 1074 3696 Vecellinum-Medium.
1086 3641 1112 3694 S.
1124 3646 1235 3706 zn§.28.

67 3708 192 3778 weigern
208 3710 270 3778 (qui
282 3717 450 3778 recusarent,
464 3743 500 3752 -
514 3713 626 3768 absolui
715 3717 738 3778 ξ.
758 3719 799 3766 37.
821 3711 864 3765 Te.
879 3710 1039 3765 Gracchum.
1063 3711 1157 3766 Cicero
1176 3730 1236 3768 ver-

67 3779 237 3850 gebraneht‚
264 3781 318 3835 wie
340 3781 411 3852 Nep.
435 3783 535 3837 iimol.
555 3791 584 3851 3,
608 3791 625 3838 4
679 3783 777 3838 urieilb
799 3781 845 3836 die
867 3780 1011 3836 Graoohen
1035 3783 1084 3851 (--
1105 3783 1141 3836 Ta*
1163 3789 1188 3837 ei
1206 3783 1236 3837 0.

68 3851 147 3904 uullo
165 3857 324 3920 reeueuute).
680 3855 854 3922 Semprouloa
869 3852 1014 3924 Gracchos)
1029 3853 1102 3908 nach
1116 3855 1165 3908 der
1179 3854 1236 3908 ein-

103 3922 447 3992 puod--uryuereuturbe
486 3925 625 3980 'udaiaus
680 3925 800 3995 seitigen
818 3924 970 3978 Auffassun
1012 3925 1061 3979 der
1079 3924 1236 3978 Arisbokra·

68 3992 119 4074 der
129 3991 209 4075 Seele
222 3993 273 4076 des
284 3993 377 4076 Scipio
392 3995 437 4050 die
447 3931 626 4068 bbbslehung
679 3999 740 4063 len,
760 3995 847 4052 durch
861 3995 967 4050 welche
1002 3995 1106 4050 iberius
1118 3995 1150 4064 ja
1164 3996 1237 4050 auch

64 4063 627 4138 Jenerdascadou.-DreserBegrdndung
681 4084 704 4122 e.
726 4073 775 4121 133
796 4066 891 4120 seinen
910 4066 971 4120 Tod
989 4066 1130 4137 gerunden
1147 4066 1235 4122 hatte.

69 4133 134 4188 triu
149 4133 225 4188 donn
239 4134 288 4188 der
302 4133 367 4189 Satn
380 4138 626 4207 illos-profiteri,
681 4169 713 4178 -
732 4137 813 4194 Auch
832 4137 881 4191 der
896 4136 1003 4192 Tribnn
1024 4137 1236 4206 1111111111-

69 4203 191 4285 rrelcher
205 4205 255 4259 der
265 4205 354 4260 Sache
368 4208 441 4262 nach
455 4209 500 4264 die
509 4209 626 4264 Bereeh-
680 4211 741 4264 bero
761 4212 818 4277 (27,
844 4211 917 4276 101),
942 4207 1169 4263 Schwestersohn
1187 4209 1235 4264 des

68 4274 627 4349 ugungjenesVorwtrrfserweistuutem
679 4281 764 4336 Afric.
783 4279 885 4346 minor,
904 4277 1014 4334 laistete
1033 4279 1088 4335 den
1106 4279 1236 4334 Gracchi-
