<?xml version="1.0" encoding="UTF-8"?>
<!DOCTYPE html PUBLIC "-//W3C//DTD XHTML 1.0 Transitional//EN"
    "http://www.w3.org/TR/xhtml1/DTD/xhtml1-transitional.dtd">
<html xmlns="http://www.w3.org/1999/xhtml" xml:lang="en" lang="en">
 <head>
  <title>
</title>
<meta http-equiv="Content-Type" content="text/html;charset=utf-8" />
  <meta name='ocr-system' content='tesseract 3.04.00' />
  <meta name='ocr-capabilities' content='ocr_page ocr_carea ocr_par ocr_line ocrx_word'/>
</head>
<body>
  <div class='ocr_page' id='page_1' title='image "./laeliusdeamicit07cicegoog_0062.png"; bbox 0 0 2936 4928; ppageno 0'>
   <div class='ocr_carea' id='block_1_1' title="bbox 489 269 1257 340">
    <p class='ocr_par' dir='ltr' id='par_1_1' title="bbox 489 269 1257 340">
     <span class='ocr_line' id='line_1_1' title="bbox 489 269 1257 340; baseline 0.004 -16"><span class='ocrx_word' id='word_1_1' title='bbox 489 269 596 339; x_wconf 81' lang='lat' dir='ltr'><strong>xxm,</strong></span> <span class='ocrx_word' id='word_1_2' title='bbox 616 271 796 340; x_wconf 73' lang='lat' dir='ltr'><strong>etr-xxm,</strong></span> <span class='ocrx_word' id='word_1_3' title='bbox 816 277 858 326; x_wconf 80' lang='grc' dir='ltr'><strong>6ο.</strong></span> <span class='ocrx_word' id='word_1_4' title='bbox 1216 272 1257 336; x_wconf 83' lang='lat'><strong>51</strong></span> 
     </span>
    </p>
   </div>
   <div class='ocr_carea' id='block_1_2' title="bbox 77 413 1356 2188">
    <p class='ocr_par' dir='ltr' id='par_1_2' title="bbox 78 413 1356 983">
     <span class='ocr_line' id='line_1_2' title="bbox 81 413 1259 496; baseline 0 -20"><span class='ocrx_word' id='word_1_5' title='bbox 81 433 163 496; x_wconf 90' lang='lat' dir='ltr'><strong>quae</strong></span> <span class='ocrx_word' id='word_1_6' title='bbox 186 415 227 475; x_wconf 91' lang='lat' dir='ltr'><strong>ab</strong></span> <span class='ocrx_word' id='word_1_7' title='bbox 246 433 281 475; x_wconf 92' lang='lat' dir='ltr'><strong>ea</strong></span> <span class='ocrx_word' id='word_1_8' title='bbox 304 431 470 485; x_wconf 91' lang='lat' dir='ltr'><strong>monemur,</strong></span> <span class='ocrx_word' id='word_1_9' title='bbox 494 415 643 476; x_wconf 88' lang='lat' dir='ltr'><strong>audimus.</strong></span> <span class='ocrx_word' id='word_1_10' title='bbox 676 415 729 477; x_wconf 83' lang='lat' dir='ltr'><strong>Est</strong></span> <span class='ocrx_word' id='word_1_11' title='bbox 751 419 832 478; x_wconf 87' lang='lat' dir='ltr'><strong>enim</strong></span> <span class='ocrx_word' id='word_1_12' title='bbox 853 417 953 478; x_wconf 86' lang='lat' dir='ltr'><strong>rarius</strong></span> <span class='ocrx_word' id='word_1_13' title='bbox 973 423 1004 477; x_wconf 90' lang='lat' dir='ltr'><strong>et</strong></span> <span class='ocrx_word' id='word_1_14' title='bbox 1018 413 1173 494; x_wconf 86' lang='lat' dir='ltr'>multiplex</span> <span class='ocrx_word' id='word_1_15' title='bbox 1188 434 1259 477; x_wconf 87' lang='lat' dir='ltr'><strong>usus</strong></span> 
     </span>
     <span class='ocr_line' id='line_1_3' title="bbox 82 496 1259 580; baseline 0.002 -22"><span class='ocrx_word' id='word_1_16' title='bbox 82 496 235 562; x_wconf 81' lang='lat' dir='ltr'><strong>amicitiae</strong></span> <span class='ocrx_word' id='word_1_17' title='bbox 250 499 419 580; x_wconf 80' lang='lat' dir='ltr'><strong>multaeque</strong></span> <span class='ocrx_word' id='word_1_18' title='bbox 435 517 541 562; x_wconf 89' lang='lat' dir='ltr'><strong>causae</strong></span> <span class='ocrx_word' id='word_1_19' title='bbox 556 503 757 579; x_wconf 89' lang='lat' dir='ltr'><strong>suspitionum</strong></span> <span class='ocrx_word' id='word_1_20' title='bbox 773 500 1030 580; x_wconf 84' lang='lat' dir='ltr'><strong>offensionumque</strong></span> <span class='ocrx_word' id='word_1_21' title='bbox 1045 499 1162 570; x_wconf 90' lang='lat' dir='ltr'><strong>dantur,</strong></span> <span class='ocrx_word' id='word_1_22' title='bbox 1185 517 1259 580; x_wconf 91' lang='lat' dir='ltr'><strong>quas</strong></span> 
     </span>
     <span class='ocr_line' id='line_1_4' title="bbox 80 584 1258 664; baseline 0.002 -20"><span class='ocrx_word' id='word_1_23' title='bbox 80 593 148 644; x_wconf 93' lang='lat' dir='ltr'><strong>tum</strong></span> <span class='ocrx_word' id='word_1_24' title='bbox 166 586 286 652; x_wconf 86' lang='lat' dir='ltr'><strong>evitare,</strong></span> <span class='ocrx_word' id='word_1_25' title='bbox 310 592 374 645; x_wconf 93' lang='lat' dir='ltr'><strong>tum</strong></span> <span class='ocrx_word' id='word_1_26' title='bbox 390 584 514 654; x_wconf 89' lang='lat' dir='ltr'><strong>elevare,</strong></span> <span class='ocrx_word' id='word_1_27' title='bbox 537 593 601 646; x_wconf 92' lang='lat' dir='ltr'><strong>tum</strong></span> <span class='ocrx_word' id='word_1_28' title='bbox 618 584 698 646; x_wconf 81' lang='lat' dir='ltr'><strong>serre</strong></span> <span class='ocrx_word' id='word_1_29' title='bbox 712 587 855 664; x_wconf 87' lang='lat' dir='ltr'><strong>sapientis</strong></span> <span class='ocrx_word' id='word_1_30' title='bbox 870 591 924 648; x_wconf 90' lang='lat' dir='ltr'><strong>est.</strong></span> <span class='ocrx_word' id='word_1_31' title='bbox 957 585 1023 646; x_wconf 90' lang='lat' dir='ltr'><strong>Una</strong></span> <span class='ocrx_word' id='word_1_32' title='bbox 1037 584 1088 646; x_wconf 89' lang='lat' dir='ltr'><strong>illa</strong></span> <span class='ocrx_word' id='word_1_33' title='bbox 1102 585 1258 646; x_wconf 89' lang='lat' dir='ltr'><strong>subeunda</strong></span> 
     </span>
     <span class='ocr_line' id='line_1_5' title="bbox 80 668 1258 739; baseline -0.001 -9"><span class='ocrx_word' id='word_1_34' title='bbox 80 678 129 730; x_wconf 90' lang='lat' dir='ltr'><strong>est</strong></span> <span class='ocrx_word' id='word_1_35' title='bbox 159 668 299 739; x_wconf 81' lang='lat' dir='ltr'><strong>offensio,</strong></span> <span class='ocrx_word' id='word_1_36' title='bbox 328 675 362 730; x_wconf 92' lang='lat' dir='ltr'><strong>ut</strong></span> <span class='ocrx_word' id='word_1_37' title='bbox 384 677 414 728; x_wconf 92' lang='lat' dir='ltr'><strong>et</strong></span> <span class='ocrx_word' id='word_1_38' title='bbox 435 669 549 730; x_wconf 87' lang='lat' dir='ltr'><strong>utilitas</strong></span> <span class='ocrx_word' id='word_1_39' title='bbox 571 671 603 730; x_wconf 89' lang='lat' dir='ltr'><strong>iu</strong></span> <span class='ocrx_word' id='word_1_40' title='bbox 626 671 758 731; x_wconf 89' lang='lat' dir='ltr'><strong>amicitia</strong></span> <span class='ocrx_word' id='word_1_41' title='bbox 780 678 810 729; x_wconf 90' lang='lat' dir='ltr'><strong>et</strong></span> <span class='ocrx_word' id='word_1_42' title='bbox 830 669 906 730; x_wconf 87' lang='lat' dir='ltr'><strong>fides</strong></span> <span class='ocrx_word' id='word_1_43' title='bbox 925 672 1107 730; x_wconf 81' lang='lat' dir='ltr'><strong>retineatur:</strong></span> <span class='ocrx_word' id='word_1_44' title='bbox 1136 687 1206 730; x_wconf 90' lang='lat' dir='ltr'><strong>nam</strong></span> <span class='ocrx_word' id='word_1_45' title='bbox 1228 678 1258 730; x_wconf 91' lang='lat' dir='ltr'><strong>et</strong></span> 
     </span>
     <span class='ocr_line' id='line_1_6' title="bbox 78 751 1355 833; baseline 0 -21"><span class='ocrx_word' id='word_1_46' title='bbox 78 753 225 814; x_wconf 89' lang='lat' dir='ltr'><strong>monendi</strong></span> <span class='ocrx_word' id='word_1_47' title='bbox 248 755 337 814; x_wconf 87' lang='lat' dir='ltr'><strong>amici</strong></span> <span class='ocrx_word' id='word_1_48' title='bbox 360 770 448 832; x_wconf 81' lang='lat' dir='ltr'><strong>saepe</strong></span> <span class='ocrx_word' id='word_1_49' title='bbox 471 761 541 814; x_wconf 90' lang='lat' dir='ltr'><strong>sunt</strong></span> <span class='ocrx_word' id='word_1_50' title='bbox 564 761 593 814; x_wconf 93' lang='lat' dir='ltr'><strong>et</strong></span> <span class='ocrx_word' id='word_1_51' title='bbox 615 751 805 831; x_wconf 85' lang='lat' dir='ltr'><strong>obiurgandi,</strong></span> <span class='ocrx_word' id='word_1_52' title='bbox 830 754 948 815; x_wconf 88' lang='lat' dir='ltr'><strong>ethaeo</strong></span> <span class='ocrx_word' id='word_1_53' title='bbox 963 753 1136 833; x_wconf 88' lang='lat' dir='ltr'><strong>accipienda</strong></span> <span class='ocrx_word' id='word_1_54' title='bbox 1153 756 1256 823; x_wconf 90' lang='lat' dir='ltr'><strong>amice,</strong></span> <span class='ocrx_word' id='word_1_55' title='bbox 1349 805 1355 827; x_wconf 84' lang='lat'><strong>,</strong></span> 
     </span>
     <span class='ocr_line' id='line_1_7' title="bbox 79 833 1356 917; baseline 0.002 -21"><span class='ocrx_word' id='word_1_56' title='bbox 79 855 151 898; x_wconf 89' lang='lat' dir='ltr'><strong>oum</strong></span> <span class='ocrx_word' id='word_1_57' title='bbox 175 837 318 898; x_wconf 89' lang='lat' dir='ltr'><strong>benevole</strong></span> <span class='ocrx_word' id='word_1_58' title='bbox 346 839 431 898; x_wconf 89' lang='lat' dir='ltr'><strong>liunt.</strong></span> <span class='ocrx_word' id='word_1_59' title='bbox 476 836 536 898; x_wconf 90' lang='lat' dir='ltr'><strong>Sed</strong></span> <span class='ocrx_word' id='word_1_60' title='bbox 563 841 665 900; x_wconf 89' lang='lat' dir='ltr'><strong>nescio</strong></span> <span class='ocrx_word' id='word_1_61' title='bbox 693 857 752 917; x_wconf 93' lang='lat' dir='ltr'><strong>quo</strong></span> <span class='ocrx_word' id='word_1_62' title='bbox 780 839 868 899; x_wconf 92' lang='lat' dir='ltr'><strong>modo</strong></span> <span class='ocrx_word' id='word_1_63' title='bbox 897 855 1000 900; x_wconf 90' lang='lat' dir='ltr'><strong>verum</strong></span> <span class='ocrx_word' id='word_1_64' title='bbox 1028 846 1087 908; x_wconf 89' lang='lat' dir='ltr'><strong>est,</strong></span> <span class='ocrx_word' id='word_1_65' title='bbox 1122 837 1202 917; x_wconf 90' lang='lat' dir='ltr'><strong>quod</strong></span> <span class='ocrx_word' id='word_1_66' title='bbox 1224 839 1256 900; x_wconf 91' lang='lat' dir='ltr'><strong>iu</strong></span> <span class='ocrx_word' id='word_1_67' title='bbox 1268 833 1309 898; x_wconf 87' lang='lat'><strong>89</strong></span> <span class='ocrx_word' id='word_1_68' title='bbox 1350 836 1356 852; x_wconf 51' lang='lat' dir='ltr'><strong><em>s</em></strong></span> 
     </span>
     <span class='ocr_line' id='line_1_8' title="bbox 78 921 772 983; baseline -0.003 -1"><span class='ocrx_word' id='word_1_69' title='bbox 78 921 194 982; x_wconf 81' lang='lat' dir='ltr'><strong>Andria</strong></span> <span class='ocrx_word' id='word_1_70' title='bbox 217 921 374 983; x_wconf 75' lang='lat' dir='ltr'><strong>familiaris</strong></span> <span class='ocrx_word' id='word_1_71' title='bbox 395 939 479 982; x_wconf 89' lang='lat' dir='ltr'><strong>meus</strong></span> <span class='ocrx_word' id='word_1_72' title='bbox 502 922 588 983; x_wconf 89' lang='lat' dir='ltr'><strong>dicit:</strong></span> <span class='ocrx_word' id='word_1_73' title='bbox 769 973 772 980; x_wconf 29' lang='lat'><strong>⁴</strong></span> 
     </span>
    </p>

    <p class='ocr_par' dir='ltr' id='par_1_3' title="bbox 77 1005 1307 2188">
     <span class='ocr_line' id='line_1_9' title="bbox 317 1005 1020 1082; baseline 0.001 -16"><span class='ocrx_word' id='word_1_74' title='bbox 317 1005 493 1081; x_wconf 72' lang='lat' dir='ltr'><strong>oose&#39;qatom</strong></span> <span class='ocrx_word' id='word_1_75' title='bbox 515 1010 640 1081; x_wconf 83' lang='lat' dir='ltr'><strong>amicos,</strong></span> <span class='ocrx_word' id='word_1_76' title='bbox 672 1005 786 1068; x_wconf 74' lang='lat' dir='ltr'><strong>veritus</strong></span> <span class='ocrx_word' id='word_1_77' title='bbox 807 1005 908 1068; x_wconf 77' lang='lat' dir='ltr'><strong>octium</strong></span> <span class='ocrx_word' id='word_1_78' title='bbox 927 1010 1020 1082; x_wconf 79' lang='lat' dir='ltr'><strong>parit.</strong></span> 
     </span>
     <span class='ocr_line' id='line_1_10' title="bbox 78 1089 1257 1170; baseline 0.002 -20"><span class='ocrx_word' id='word_1_79' title='bbox 78 1089 206 1151; x_wconf 77' lang='lat' dir='ltr'><strong>Molesta</strong></span> <span class='ocrx_word' id='word_1_80' title='bbox 230 1091 344 1160; x_wconf 88' lang='lat' dir='ltr'><strong>veritas,</strong></span> <span class='ocrx_word' id='word_1_81' title='bbox 369 1091 518 1169; x_wconf 89' lang='lat' dir='ltr'><strong>siquidem</strong></span> <span class='ocrx_word' id='word_1_82' title='bbox 541 1109 577 1150; x_wconf 88' lang='lat' dir='ltr'><strong>ex</strong></span> <span class='ocrx_word' id='word_1_83' title='bbox 600 1110 633 1152; x_wconf 91' lang='lat' dir='ltr'><strong>ea</strong></span> <span class='ocrx_word' id='word_1_84' title='bbox 650 1091 782 1153; x_wconf 88' lang='lat' dir='ltr'><strong>nascitur</strong></span> <span class='ocrx_word' id='word_1_85' title='bbox 819 1093 930 1162; x_wconf 93' lang='lat' dir='ltr'><strong>odium,</strong></span> <span class='ocrx_word' id='word_1_86' title='bbox 955 1091 1033 1170; x_wconf 93' lang='lat' dir='ltr'><strong>quod</strong></span> <span class='ocrx_word' id='word_1_87' title='bbox 1049 1099 1094 1151; x_wconf 91' lang='lat' dir='ltr'><strong>est</strong></span> <span class='ocrx_word' id='word_1_88' title='bbox 1109 1109 1257 1152; x_wconf 90' lang='lat' dir='ltr'><strong>venenum</strong></span> 
     </span>
     <span class='ocr_line' id='line_1_11' title="bbox 82 1173 1258 1255; baseline 0.001 -21"><span class='ocrx_word' id='word_1_89' title='bbox 82 1176 248 1246; x_wconf 89' lang='lat' dir='ltr'><strong>amicitiae;</strong></span> <span class='ocrx_word' id='word_1_90' title='bbox 271 1175 324 1236; x_wconf 91' lang='lat' dir='ltr'><strong>sed</strong></span> <span class='ocrx_word' id='word_1_91' title='bbox 347 1174 525 1253; x_wconf 87' lang='lat' dir='ltr'><strong>obsequium</strong></span> <span class='ocrx_word' id='word_1_92' title='bbox 547 1173 641 1236; x_wconf 90' lang='lat' dir='ltr'><strong>multo</strong></span> <span class='ocrx_word' id='word_1_93' title='bbox 663 1175 828 1246; x_wconf 88' lang='lat' dir='ltr'><strong>molestius,</strong></span> <span class='ocrx_word' id='word_1_94' title='bbox 851 1176 931 1254; x_wconf 92' lang='lat' dir='ltr'><strong>quod</strong></span> <span class='ocrx_word' id='word_1_95' title='bbox 953 1177 1084 1255; x_wconf 88' lang='lat' dir='ltr'><strong>peccatis</strong></span> <span class='ocrx_word' id='word_1_96' title='bbox 1100 1175 1258 1252; x_wconf 83' lang='lat' dir='ltr'><strong>indulgens</strong></span> 
     </span>
     <span class='ocr_line' id='line_1_12' title="bbox 78 1259 1257 1338; baseline 0.001 -20"><span class='ocrx_word' id='word_1_97' title='bbox 78 1261 278 1338; x_wconf 88' lang='lat' dir='ltr'><strong>praeeipitem</strong></span> <span class='ocrx_word' id='word_1_98' title='bbox 301 1259 428 1320; x_wconf 88' lang='lat' dir='ltr'><strong>amicum</strong></span> <span class='ocrx_word' id='word_1_99' title='bbox 450 1261 524 1320; x_wconf 84' lang='lat' dir='ltr'><strong>ferri</strong></span> <span class='ocrx_word' id='word_1_100' title='bbox 547 1259 627 1320; x_wconf 90' lang='lat' dir='ltr'><strong>sinit.</strong></span> <span class='ocrx_word' id='word_1_101' title='bbox 658 1259 786 1321; x_wconf 85' lang='lat' dir='ltr'><strong>Maxima</strong></span> <span class='ocrx_word' id='word_1_102' title='bbox 809 1267 908 1322; x_wconf 91' lang='lat' dir='ltr'><strong>autem</strong></span> <span class='ocrx_word' id='word_1_103' title='bbox 931 1261 1017 1338; x_wconf 92' lang='lat' dir='ltr'><strong>culpa</strong></span> <span class='ocrx_word' id='word_1_104' title='bbox 1038 1263 1072 1320; x_wconf 92' lang='lat' dir='ltr'><strong>in</strong></span> <span class='ocrx_word' id='word_1_105' title='bbox 1092 1278 1137 1330; x_wconf 90' lang='lat' dir='ltr'><strong>eo,</strong></span> <span class='ocrx_word' id='word_1_106' title='bbox 1160 1261 1257 1338; x_wconf 88' lang='lat' dir='ltr'><strong>quiet</strong></span> 
     </span>
     <span class='ocr_line' id='line_1_13' title="bbox 80 1343 1256 1424; baseline 0.002 -22"><span class='ocrx_word' id='word_1_107' title='bbox 80 1343 240 1404; x_wconf 88' lang='lat' dir='ltr'><strong>veritatem</strong></span> <span class='ocrx_word' id='word_1_108' title='bbox 264 1352 441 1421; x_wconf 82' lang='lat' dir='ltr'><strong>aspernatur</strong></span> <span class='ocrx_word' id='word_1_109' title='bbox 463 1345 544 1404; x_wconf 94' lang='lat' dir='ltr'><strong>etin</strong></span> <span class='ocrx_word' id='word_1_110' title='bbox 567 1343 702 1404; x_wconf 86' lang='lat' dir='ltr'><strong>iraudem</strong></span> <span class='ocrx_word' id='word_1_111' title='bbox 725 1344 869 1424; x_wconf 90' lang='lat' dir='ltr'><strong>obsequio</strong></span> <span class='ocrx_word' id='word_1_112' title='bbox 890 1345 1064 1423; x_wconf 85' lang='lat' dir='ltr'><strong>impellitur.</strong></span> <span class='ocrx_word' id='word_1_113' title='bbox 1099 1343 1187 1404; x_wconf 87' lang='lat' dir='ltr'><strong>Omni</strong></span> <span class='ocrx_word' id='word_1_114' title='bbox 1201 1344 1256 1421; x_wconf 89' lang='lat' dir='ltr'><strong>igi·</strong></span> 
     </span>
     <span class='ocr_line' id='line_1_14' title="bbox 82 1427 1256 1508; baseline 0 -20"><span class='ocrx_word' id='word_1_115' title='bbox 82 1428 212 1488; x_wconf 88' lang='lat' dir='ltr'><strong>turbae</strong></span> <span class='ocrx_word' id='word_1_116' title='bbox 234 1431 266 1488; x_wconf 89' lang='lat' dir='ltr'><strong>in</strong></span> <span class='ocrx_word' id='word_1_117' title='bbox 289 1446 322 1488; x_wconf 94' lang='lat' dir='ltr'><strong>re</strong></span> <span class='ocrx_word' id='word_1_118' title='bbox 349 1427 486 1490; x_wconf 89' lang='lat' dir='ltr'><strong>habenda</strong></span> <span class='ocrx_word' id='word_1_119' title='bbox 508 1430 586 1490; x_wconf 88' lang='lat' dir='ltr'><strong>ratio</strong></span> <span class='ocrx_word' id='word_1_120' title='bbox 610 1437 639 1489; x_wconf 89' lang='lat' dir='ltr'><strong>et</strong></span> <span class='ocrx_word' id='word_1_121' title='bbox 660 1429 812 1506; x_wconf 85' lang='lat' dir='ltr'><strong>diligentia</strong></span> <span class='ocrx_word' id='word_1_122' title='bbox 835 1437 894 1499; x_wconf 89' lang='lat' dir='ltr'><strong>est,</strong></span> <span class='ocrx_word' id='word_1_123' title='bbox 924 1431 1055 1508; x_wconf 90' lang='lat' dir='ltr'><strong>primum</strong></span> <span class='ocrx_word' id='word_1_124' title='bbox 1078 1436 1112 1490; x_wconf 92' lang='lat' dir='ltr'><strong>ut</strong></span> <span class='ocrx_word' id='word_1_125' title='bbox 1133 1429 1256 1490; x_wconf 89' lang='lat' dir='ltr'><strong>monitio</strong></span> 
     </span>
     <span class='ocr_line' id='line_1_15' title="bbox 78 1510 1256 1592; baseline 0 -20"><span class='ocrx_word' id='word_1_126' title='bbox 78 1510 264 1582; x_wconf 82' lang='lat' dir='ltr'><strong>acerbitate,</strong></span> <span class='ocrx_word' id='word_1_127' title='bbox 294 1511 400 1572; x_wconf 89' lang='lat' dir='ltr'><strong>deinde</strong></span> <span class='ocrx_word' id='word_1_128' title='bbox 429 1521 462 1574; x_wconf 91' lang='lat' dir='ltr'><strong>ut</strong></span> <span class='ocrx_word' id='word_1_129' title='bbox 491 1512 659 1591; x_wconf 87' lang='lat' dir='ltr'><strong>obiurgatio</strong></span> <span class='ocrx_word' id='word_1_130' title='bbox 689 1513 868 1574; x_wconf 89' lang='lat' dir='ltr'><strong>contumelia</strong></span> <span class='ocrx_word' id='word_1_131' title='bbox 896 1520 1005 1574; x_wconf 89' lang='lat' dir='ltr'><strong>careat.</strong></span> <span class='ocrx_word' id='word_1_132' title='bbox 1049 1511 1082 1572; x_wconf 90' lang='lat' dir='ltr'><strong>ln</strong></span> <span class='ocrx_word' id='word_1_133' title='bbox 1111 1513 1256 1592; x_wconf 92' lang='lat' dir='ltr'><strong>obsequio</strong></span> 
     </span>
     <span class='ocr_line' id='line_1_16' title="bbox 79 1595 1254 1675; baseline 0 -19"><span class='ocrx_word' id='word_1_134' title='bbox 79 1603 197 1664; x_wconf 88' lang='lat' dir='ltr'><strong>autem,</strong></span> <span class='ocrx_word' id='word_1_135' title='bbox 226 1597 365 1675; x_wconf 91' lang='lat' dir='ltr'><strong>quoniam</strong></span> <span class='ocrx_word' id='word_1_136' title='bbox 387 1597 567 1658; x_wconf 81' lang='lat' dir='ltr'><strong>Terentiano</strong></span> <span class='ocrx_word' id='word_1_137' title='bbox 591 1595 681 1658; x_wconf 84' lang='lat' dir='ltr'><strong>verbo</strong></span> <span class='ocrx_word' id='word_1_138' title='bbox 710 1597 841 1658; x_wconf 89' lang='lat' dir='ltr'><strong>libenter</strong></span> <span class='ocrx_word' id='word_1_139' title='bbox 868 1598 993 1667; x_wconf 90' lang='lat' dir='ltr'><strong>utimur,</strong></span> <span class='ocrx_word' id='word_1_140' title='bbox 1024 1597 1146 1658; x_wconf 89' lang='lat' dir='ltr'><strong>comitas</strong></span> <span class='ocrx_word' id='word_1_141' title='bbox 1177 1599 1254 1667; x_wconf 89' lang='lat' dir='ltr'><strong>assit,</strong></span> 
     </span>
     <span class='ocr_line' id='line_1_17' title="bbox 78 1681 1254 1762; baseline 0.002 -22"><span class='ocrx_word' id='word_1_142' title='bbox 78 1681 241 1741; x_wconf 87' lang='lat' dir='ltr'><strong>assentatio</strong></span> <span class='ocrx_word' id='word_1_143' title='bbox 257 1681 397 1741; x_wconf 91' lang='lat' dir='ltr'><strong>vitiorum</strong></span> <span class='ocrx_word' id='word_1_144' title='bbox 413 1681 541 1742; x_wconf 84' lang='lat' dir='ltr'><strong>adiutrix</strong></span> <span class='ocrx_word' id='word_1_145' title='bbox 555 1682 660 1760; x_wconf 91' lang='lat' dir='ltr'><strong>procul</strong></span> <span class='ocrx_word' id='word_1_146' title='bbox 676 1691 857 1752; x_wconf 87' lang='lat' dir='ltr'><strong>amoveatur,</strong></span> <span class='ocrx_word' id='word_1_147' title='bbox 881 1699 957 1762; x_wconf 89' lang='lat' dir='ltr'><strong>quae</strong></span> <span class='ocrx_word' id='word_1_148' title='bbox 972 1699 1032 1742; x_wconf 92' lang='lat' dir='ltr'><strong>non</strong></span> <span class='ocrx_word' id='word_1_149' title='bbox 1047 1681 1135 1742; x_wconf 92' lang='lat' dir='ltr'><strong>modo</strong></span> <span class='ocrx_word' id='word_1_150' title='bbox 1150 1683 1254 1751; x_wconf 90' lang='lat' dir='ltr'><strong>arnico,</strong></span> 
     </span>
     <span class='ocr_line' id='line_1_18' title="bbox 78 1763 1256 1846; baseline 0 -22"><span class='ocrx_word' id='word_1_151' title='bbox 78 1763 136 1824; x_wconf 90' lang='lat' dir='ltr'><strong>sed</strong></span> <span class='ocrx_word' id='word_1_152' title='bbox 164 1781 202 1824; x_wconf 89' lang='lat' dir='ltr'><strong>ne</strong></span> <span class='ocrx_word' id='word_1_153' title='bbox 231 1764 328 1824; x_wconf 94' lang='lat' dir='ltr'><strong>libero</strong></span> <span class='ocrx_word' id='word_1_154' title='bbox 351 1765 472 1844; x_wconf 92' lang='lat' dir='ltr'><strong>quidem</strong></span> <span class='ocrx_word' id='word_1_155' title='bbox 494 1767 583 1842; x_wconf 85' lang='lat' dir='ltr'><strong>digna</strong></span> <span class='ocrx_word' id='word_1_156' title='bbox 606 1774 666 1836; x_wconf 93' lang='lat' dir='ltr'><strong>est;</strong></span> <span class='ocrx_word' id='word_1_157' title='bbox 700 1764 786 1826; x_wconf 89' lang='lat' dir='ltr'><strong>aliter</strong></span> <span class='ocrx_word' id='word_1_158' title='bbox 808 1768 887 1828; x_wconf 90' lang='lat' dir='ltr'><strong>enim</strong></span> <span class='ocrx_word' id='word_1_159' title='bbox 910 1784 977 1827; x_wconf 91' lang='lat' dir='ltr'><strong>cum</strong></span> <span class='ocrx_word' id='word_1_160' title='bbox 999 1774 1141 1846; x_wconf 82' lang='lat' dir='ltr'><strong>tyranno,</strong></span> <span class='ocrx_word' id='word_1_161' title='bbox 1170 1765 1256 1826; x_wconf 91' lang='lat' dir='ltr'><strong>aliter</strong></span> 
     </span>
     <span class='ocr_line' id='line_1_19' title="bbox 79 1849 1307 1928; baseline 0.001 -19"><span class='ocrx_word' id='word_1_162' title='bbox 79 1867 152 1909; x_wconf 93' lang='lat' dir='ltr'><strong>cum</strong></span> <span class='ocrx_word' id='word_1_163' title='bbox 175 1849 269 1910; x_wconf 86' lang='lat' dir='ltr'><strong>amieo</strong></span> <span class='ocrx_word' id='word_1_164' title='bbox 292 1849 408 1910; x_wconf 84' lang='lat' dir='ltr'><strong>vivitur.</strong></span> <span class='ocrx_word' id='word_1_165' title='bbox 452 1851 541 1912; x_wconf 86' lang='lat' dir='ltr'><strong>Cuius</strong></span> <span class='ocrx_word' id='word_1_166' title='bbox 564 1857 664 1912; x_wconf 91' lang='lat' dir='ltr'><strong>autem</strong></span> <span class='ocrx_word' id='word_1_167' title='bbox 686 1867 774 1911; x_wconf 89' lang='lat' dir='ltr'><strong>aures</strong></span> <span class='ocrx_word' id='word_1_168' title='bbox 796 1851 913 1912; x_wconf 88' lang='lat' dir='ltr'><strong>clausae</strong></span> <span class='ocrx_word' id='word_1_169' title='bbox 935 1851 1051 1912; x_wconf 89' lang='lat' dir='ltr'><strong>veritati</strong></span> <span class='ocrx_word' id='word_1_170' title='bbox 1065 1857 1144 1920; x_wconf 88' lang='lat' dir='ltr'><strong>sunt,</strong></span> <span class='ocrx_word' id='word_1_171' title='bbox 1166 1857 1201 1910; x_wconf 90' lang='lat' dir='ltr'><strong>ut</strong></span> <span class='ocrx_word' id='word_1_172' title='bbox 1215 1849 1252 1912; x_wconf 87' lang='lat' dir='ltr'><strong>ab</strong></span> <span class='ocrx_word' id='word_1_173' title='bbox 1265 1863 1307 1928; x_wconf 84' lang='lat'><strong>90</strong></span> 
     </span>
     <span class='ocr_line' id='line_1_20' title="bbox 79 1934 1253 2014; baseline 0 -20"><span class='ocrx_word' id='word_1_174' title='bbox 79 1935 177 1994; x_wconf 88' lang='lat' dir='ltr'><strong>amico</strong></span> <span class='ocrx_word' id='word_1_175' title='bbox 200 1951 303 1994; x_wconf 89' lang='lat' dir='ltr'><strong>verum</strong></span> <span class='ocrx_word' id='word_1_176' title='bbox 326 1934 429 1995; x_wconf 87' lang='lat' dir='ltr'><strong>audire</strong></span> <span class='ocrx_word' id='word_1_177' title='bbox 451 1942 594 2014; x_wconf 90' lang='lat' dir='ltr'><strong>nequeat,</strong></span> <span class='ocrx_word' id='word_1_178' title='bbox 622 1935 711 1996; x_wconf 90' lang='lat' dir='ltr'><strong>huius</strong></span> <span class='ocrx_word' id='word_1_179' title='bbox 734 1935 813 1996; x_wconf 90' lang='lat' dir='ltr'><strong>salus</strong></span> <span class='ocrx_word' id='word_1_180' title='bbox 836 1935 1019 2014; x_wconf 90' lang='lat' dir='ltr'><strong>desperanda</strong></span> <span class='ocrx_word' id='word_1_181' title='bbox 1041 1943 1096 1995; x_wconf 90' lang='lat' dir='ltr'><strong>est.</strong></span> <span class='ocrx_word' id='word_1_182' title='bbox 1142 1935 1253 1994; x_wconf 91' lang='lat' dir='ltr'><strong>Scitum</strong></span> 
     </span>
     <span class='ocr_line' id='line_1_21' title="bbox 78 2017 1255 2098; baseline 0.002 -22"><span class='ocrx_word' id='word_1_183' title='bbox 78 2024 128 2077; x_wconf 90' lang='lat' dir='ltr'><strong>est</strong></span> <span class='ocrx_word' id='word_1_184' title='bbox 156 2017 234 2078; x_wconf 90' lang='lat' dir='ltr'><strong>enim</strong></span> <span class='ocrx_word' id='word_1_185' title='bbox 264 2017 337 2078; x_wconf 92' lang='lat' dir='ltr'><strong>illud</strong></span> <span class='ocrx_word' id='word_1_186' title='bbox 360 2019 492 2088; x_wconf 84' lang='lat' dir='ltr'><strong>Catonis,</strong></span> <span class='ocrx_word' id='word_1_187' title='bbox 521 2025 555 2078; x_wconf 94' lang='lat' dir='ltr'><strong>ut</strong></span> <span class='ocrx_word' id='word_1_188' title='bbox 582 2018 688 2080; x_wconf 91' lang='lat' dir='ltr'><strong>multa:</strong></span> <span class='ocrx_word' id='word_1_189' title='bbox 722 2018 839 2080; x_wconf 86' lang='lat' dir='ltr'><strong>‘melius</strong></span> <span class='ocrx_word' id='word_1_190' title='bbox 866 2020 902 2080; x_wconf 93' lang='lat' dir='ltr'><strong>de</strong></span> <span class='ocrx_word' id='word_1_191' title='bbox 930 2017 1107 2098; x_wconf 90' lang='lat' dir='ltr'><strong>quibusdam</strong></span> <span class='ocrx_word' id='word_1_192' title='bbox 1130 2018 1255 2078; x_wconf 92' lang='lat' dir='ltr'><strong>acerbos</strong></span> 
     </span>
     <span class='ocr_line' id='line_1_22' title="bbox 77 2101 1254 2188; baseline 0.003 -29"><span class='ocrx_word' id='word_1_193' title='bbox 77 2101 218 2162; x_wconf 91' lang='lat' dir='ltr'><strong>inimicos</strong></span> <span class='ocrx_word' id='word_1_194' title='bbox 233 2103 352 2172; x_wconf 90' lang='lat' dir='ltr'><strong>mereri,</strong></span> <span class='ocrx_word' id='word_1_195' title='bbox 376 2121 463 2188; x_wconf 83' lang='lat' dir='ltr'><strong>quam</strong></span> <span class='ocrx_word' id='word_1_196' title='bbox 479 2121 532 2164; x_wconf 90' lang='lat' dir='ltr'><strong>eos</strong></span> <span class='ocrx_word' id='word_1_197' title='bbox 547 2103 667 2172; x_wconf 90' lang='lat' dir='ltr'><strong>amicos,</strong></span> <span class='ocrx_word' id='word_1_198' title='bbox 692 2105 742 2181; x_wconf 93' lang='lat' dir='ltr'><strong>qui</strong></span> <span class='ocrx_word' id='word_1_199' title='bbox 759 2101 861 2164; x_wconf 87' lang='lat' dir='ltr'><strong>dulces</strong></span> <span class='ocrx_word' id='word_1_200' title='bbox 875 2103 1046 2171; x_wconf 91' lang='lat' dir='ltr'><strong>videantur;</strong></span> <span class='ocrx_word' id='word_1_201' title='bbox 1068 2101 1136 2162; x_wconf 93' lang='lat' dir='ltr'><strong>illos</strong></span> <span class='ocrx_word' id='word_1_202' title='bbox 1150 2119 1254 2164; x_wconf 86' lang='lat' dir='ltr'><strong>nerum</strong></span> 
     </span>
    </p>
   </div>
   <div class='ocr_carea' id='block_1_3' title="bbox 73 2322 1254 4381">
    <p class='ocr_par' dir='ltr' id='par_1_4' title="bbox 73 2322 1254 4381">
     <span class='ocr_line' id='line_1_23' title="bbox 78 2322 1254 2395; baseline 0.001 -18"><span class='ocrx_word' id='word_1_203' title='bbox 78 2322 225 2394; x_wconf 85' lang='lat' dir='ltr'><strong>dasjenige</strong></span> <span class='ocrx_word' id='word_1_204' title='bbox 253 2323 351 2379; x_wconf 83' lang='lat' dir='ltr'><strong>weiter</strong></span> <span class='ocrx_word' id='word_1_205' title='bbox 379 2341 442 2391; x_wconf 85' lang='lat' dir='ltr'><strong>aus,</strong></span> <span class='ocrx_word' id='word_1_206' title='bbox 471 2341 528 2379; x_wconf 86' lang='lat' dir='ltr'><strong>was</strong></span> <span class='ocrx_word' id='word_1_207' title='bbox 557 2339 587 2379; x_wconf 89' lang='lat' dir='ltr'><strong>er</strong></span> <span class='ocrx_word' id='word_1_208' title='bbox 610 2324 640 2380; x_wconf 88' lang='lat' dir='ltr'><strong>in</strong></span> <span class='ocrx_word' id='word_1_209' title='bbox 694 2325 731 2380; x_wconf 89' lang='lat' dir='ltr'><strong>da</strong></span> <span class='ocrx_word' id='word_1_210' title='bbox 750 2325 800 2380; x_wconf 87' lang='lat' dir='ltr'><strong>das</strong></span> <span class='ocrx_word' id='word_1_211' title='bbox 818 2325 865 2379; x_wconf 88' lang='lat' dir='ltr'><strong>bei</strong></span> <span class='ocrx_word' id='word_1_212' title='bbox 882 2325 1028 2380; x_wconf 88' lang='lat' dir='ltr'><strong>letzterem</strong></span> <span class='ocrx_word' id='word_1_213' title='bbox 1046 2324 1199 2395; x_wconf 84' lang='lat' dir='ltr'><strong>eigentlieh</strong></span> <span class='ocrx_word' id='word_1_214' title='bbox 1213 2341 1254 2378; x_wconf 88' lang='lat' dir='ltr'><strong>er-</strong></span> 
     </span>
     <span class='ocr_line' id='line_1_24' title="bbox 77 2393 1254 2466; baseline 0.002 -18"><span class='ocrx_word' id='word_1_215' title='bbox 77 2393 186 2448; x_wconf 85' lang='lat' dir='ltr'><strong>Betreff</strong></span> <span class='ocrx_word' id='word_1_216' title='bbox 220 2393 270 2449; x_wconf 84' lang='lat' dir='ltr'><strong>der</strong></span> <span class='ocrx_word' id='word_1_217' title='bbox 306 2395 444 2450; x_wconf 71' lang='lat' dir='ltr'><strong>aututino</strong></span> <span class='ocrx_word' id='word_1_218' title='bbox 473 2396 640 2464; x_wconf 75' lang='lat' dir='ltr'><strong>sapientium</strong></span> <span class='ocrx_word' id='word_1_219' title='bbox 693 2397 811 2450; x_wconf 71' lang='lat' dir='ltr'><strong>tramete</strong></span> <span class='ocrx_word' id='word_1_220' title='bbox 822 2395 983 2466; x_wconf 86' lang='lat' dir='ltr'><strong>speeiellere</strong></span> <span class='ocrx_word' id='word_1_221' title='bbox 993 2395 1186 2466; x_wconf 84' lang='lat' dir='ltr'><strong>Compositum</strong></span> <span class='ocrx_word' id='word_1_222' title='bbox 1196 2397 1254 2463; x_wconf 85' lang='lat' dir='ltr'><strong>(ool-</strong></span> 
     </span>
     <span class='ocr_line' id='line_1_25' title="bbox 78 2465 1253 2536; baseline 0.002 -18"><span class='ocrx_word' id='word_1_223' title='bbox 78 2466 153 2518; x_wconf 89' lang='lat' dir='ltr'><strong>oben</strong></span> <span class='ocrx_word' id='word_1_224' title='bbox 172 2465 229 2533; x_wconf 83' lang='lat'><strong>(13,</strong></span> <span class='ocrx_word' id='word_1_225' title='bbox 249 2467 295 2534; x_wconf 88' lang='grc'><strong>44)</strong></span> <span class='ocrx_word' id='word_1_226' title='bbox 314 2483 367 2520; x_wconf 86' lang='lat' dir='ltr'><strong>nur</strong></span> <span class='ocrx_word' id='word_1_227' title='bbox 383 2465 453 2519; x_wconf 77' lang='lat' dir='ltr'><strong>kam</strong></span> <span class='ocrx_word' id='word_1_228' title='bbox 468 2467 640 2536; x_wconf 84' lang='lat' dir='ltr'><strong>angedeutet</strong></span> <span class='ocrx_word' id='word_1_229' title='bbox 693 2467 783 2522; x_wconf 78' lang='lat' dir='ltr'><strong>bibere</strong></span> <span class='ocrx_word' id='word_1_230' title='bbox 794 2471 836 2533; x_wconf 79' lang='lat'><strong>25,</strong></span> <span class='ocrx_word' id='word_1_231' title='bbox 847 2470 891 2536; x_wconf 85' lang='grc'><strong>96)</strong></span> <span class='ocrx_word' id='word_1_232' title='bbox 903 2467 992 2521; x_wconf 84' lang='lat' dir='ltr'><strong>durch</strong></span> <span class='ocrx_word' id='word_1_233' title='bbox 1002 2467 1056 2522; x_wconf 87' lang='lat' dir='ltr'><strong>den</strong></span> <span class='ocrx_word' id='word_1_234' title='bbox 1067 2466 1253 2535; x_wconf 85' lang='lat' dir='ltr'><strong>allgemeinen</strong></span> 
     </span>
     <span class='ocr_line' id='line_1_26' title="bbox 78 2536 1252 2592; baseline 0.002 -4"><span class='ocrx_word' id='word_1_235' title='bbox 78 2536 168 2588; x_wconf 88' lang='lat' dir='ltr'><strong>hatte.</strong></span> <span class='ocrx_word' id='word_1_236' title='bbox 693 2537 842 2591; x_wconf 86' lang='lat' dir='ltr'><strong>Ausdruek</strong></span> <span class='ocrx_word' id='word_1_237' title='bbox 869 2539 1011 2592; x_wconf 85' lang='lat' dir='ltr'><strong>vertreten</strong></span> <span class='ocrx_word' id='word_1_238' title='bbox 1033 2537 1146 2592; x_wconf 86' lang='lat' dir='ltr'><strong>werden</strong></span> <span class='ocrx_word' id='word_1_239' title='bbox 1167 2537 1252 2591; x_wconf 83' lang='lat' dir='ltr'><strong>kann.</strong></span> 
     </span>
     <span class='ocr_line' id='line_1_27' title="bbox 120 2605 1254 2676; baseline 0.002 -16"><span class='ocrx_word' id='word_1_240' title='bbox 120 2605 184 2660; x_wconf 81' lang='lat' dir='ltr'><strong>Uoc</strong></span> <span class='ocrx_word' id='word_1_241' title='bbox 200 2637 236 2644; x_wconf 98' lang='lat'><strong>—</strong></span> <span class='ocrx_word' id='word_1_242' title='bbox 254 2607 374 2673; x_wconf 78' lang='lat' dir='ltr'><strong>offensio.</strong></span> <span class='ocrx_word' id='word_1_243' title='bbox 407 2605 507 2660; x_wconf 85' lang='lat' dir='ltr'><strong>Worin</strong></span> <span class='ocrx_word' id='word_1_244' title='bbox 529 2607 569 2661; x_wconf 85' lang='lat' dir='ltr'><strong>sie</strong></span> <span class='ocrx_word' id='word_1_245' title='bbox 592 2607 640 2661; x_wconf 89' lang='lat' dir='ltr'><strong>be·</strong></span> <span class='ocrx_word' id='word_1_246' title='bbox 695 2607 731 2660; x_wconf 86' lang='lat' dir='ltr'><strong>So</strong></span> <span class='ocrx_word' id='word_1_247' title='bbox 759 2605 814 2661; x_wconf 80' lang='lat' dir='ltr'><strong>Cio.</strong></span> <span class='ocrx_word' id='word_1_248' title='bbox 838 2607 916 2662; x_wconf 89' lang='lat' dir='ltr'><strong>Verr.</strong></span> <span class='ocrx_word' id='word_1_249' title='bbox 942 2613 971 2676; x_wconf 83' lang='lat'><strong>5,</strong></span> <span class='ocrx_word' id='word_1_250' title='bbox 1000 2615 1047 2674; x_wconf 79' lang='lat'><strong>17,</strong></span> <span class='ocrx_word' id='word_1_251' title='bbox 1076 2613 1109 2660; x_wconf 80' lang='lat'><strong>42</strong></span> <span class='ocrx_word' id='word_1_252' title='bbox 1135 2607 1254 2662; x_wconf 80' lang='lat' dir='ltr'><strong>Classem</strong></span> 
     </span>
     <span class='ocr_line' id='line_1_28' title="bbox 79 2675 1254 2747; baseline 0.001 -16"><span class='ocrx_word' id='word_1_253' title='bbox 79 2676 169 2744; x_wconf 85' lang='lat' dir='ltr'><strong>steht,</strong></span> <span class='ocrx_word' id='word_1_254' title='bbox 188 2675 259 2731; x_wconf 82' lang='lat' dir='ltr'><strong>wird</strong></span> <span class='ocrx_word' id='word_1_255' title='bbox 277 2676 308 2730; x_wconf 90' lang='lat' dir='ltr'><strong>in</strong></span> <span class='ocrx_word' id='word_1_256' title='bbox 325 2677 380 2730; x_wconf 87' lang='lat' dir='ltr'><strong>den</strong></span> <span class='ocrx_word' id='word_1_257' title='bbox 393 2676 545 2746; x_wconf 89' lang='lat' dir='ltr'><strong>folgenden</strong></span> <span class='ocrx_word' id='word_1_258' title='bbox 558 2677 639 2732; x_wconf 86' lang='lat' dir='ltr'><strong>Wor-</strong></span> <span class='ocrx_word' id='word_1_259' title='bbox 693 2677 812 2732; x_wconf 82' lang='lat' dir='ltr'><strong>taoott</strong></span> <span class='ocrx_word' id='word_1_260' title='bbox 830 2683 957 2734; x_wconf 80' lang='lat' dir='ltr'><strong>ornatam</strong></span> <span class='ocrx_word' id='word_1_261' title='bbox 974 2679 1254 2747; x_wconf 79' lang='lat' dir='ltr'><strong>dilipcota&#39;unrque</strong></span> 
     </span>
     <span class='ocr_line' id='line_1_29' title="bbox 76 2748 866 2818; baseline 0.001 -17"><span class='ocrx_word' id='word_1_262' title='bbox 76 2750 129 2801; x_wconf 89' lang='lat' dir='ltr'><strong>ten</strong></span> <span class='ocrx_word' id='word_1_263' title='bbox 142 2748 637 2818; x_wconf 71' lang='lat' dir='ltr'><strong>nammmoueoda&#39;uswangegeben.</strong></span> <span class='ocrx_word' id='word_1_264' title='bbox 692 2748 866 2818; x_wconf 75' lang='lat' dir='ltr'><strong>singularem.</strong></span> 
     </span>
     <span class='ocr_line' id='line_1_30' title="bbox 115 2818 1060 2886; baseline 0.002 -14"><span class='ocrx_word' id='word_1_265' title='bbox 115 2822 138 2882; x_wconf 70' lang='grc' dir='ltr'><strong>ξ.</strong></span> <span class='ocrx_word' id='word_1_266' title='bbox 158 2823 201 2872; x_wconf 88' lang='grc'><strong>89.</strong></span> <span class='ocrx_word' id='word_1_267' title='bbox 219 2818 371 2884; x_wconf 79' lang='lat' dir='ltr'><strong>famaliaris</strong></span> <span class='ocrx_word' id='word_1_268' title='bbox 388 2833 462 2873; x_wconf 81' lang='lat' dir='ltr'><strong>meus</strong></span> <span class='ocrx_word' id='word_1_269' title='bbox 480 2843 514 2863; x_wconf 84' lang='lat'><strong>---</strong></span> <span class='ocrx_word' id='word_1_270' title='bbox 534 2819 568 2871; x_wconf 91' lang='lat' dir='ltr'><strong>P.</strong></span> <span class='ocrx_word' id='word_1_271' title='bbox 590 2819 638 2872; x_wconf 79' lang='lat' dir='ltr'><strong>Te·</strong></span> <span class='ocrx_word' id='word_1_272' title='bbox 723 2819 854 2886; x_wconf 81' lang='lat' dir='ltr'><strong>primurn.</strong></span> <span class='ocrx_word' id='word_1_273' title='bbox 874 2819 901 2873; x_wconf 83' lang='lat' dir='ltr'><strong>S.</strong></span> <span class='ocrx_word' id='word_1_274' title='bbox 921 2838 956 2874; x_wconf 84' lang='lat' dir='ltr'><strong>zu</strong></span> <span class='ocrx_word' id='word_1_275' title='bbox 975 2825 998 2886; x_wconf 67' lang='grc' dir='ltr'><strong>ς.</strong></span> <span class='ocrx_word' id='word_1_276' title='bbox 1020 2827 1060 2874; x_wconf 90' lang='grc'><strong>11.</strong></span> 
     </span>
     <span class='ocr_line' id='line_1_31' title="bbox 77 2882 1251 2958; baseline 0.002 -15"><span class='ocrx_word' id='word_1_277' title='bbox 77 2888 185 2943; x_wconf 71' lang='lat' dir='ltr'><strong>centius</strong></span> <span class='ocrx_word' id='word_1_278' title='bbox 212 2887 266 2942; x_wconf 88' lang='lat' dir='ltr'><strong>mit</strong></span> <span class='ocrx_word' id='word_1_279' title='bbox 293 2889 357 2944; x_wconf 88' lang='lat' dir='ltr'><strong>dem</strong></span> <span class='ocrx_word' id='word_1_280' title='bbox 383 2888 537 2944; x_wconf 88' lang='lat' dir='ltr'><strong>Beinamen</strong></span> <span class='ocrx_word' id='word_1_281' title='bbox 559 2888 641 2956; x_wconf 82' lang='lat' dir='ltr'><strong>Afer,</strong></span> <span class='ocrx_word' id='word_1_282' title='bbox 727 2891 854 2956; x_wconf 83' lang='lat' dir='ltr'><strong>monitio,</strong></span> <span class='ocrx_word' id='word_1_283' title='bbox 883 2882 959 2956; x_wconf 74' lang='grc' dir='ltr'>ἅπαξ</span> <span class='ocrx_word' id='word_1_284' title='bbox 988 2893 1046 2958; x_wconf 76' lang='lat' dir='ltr'><strong>lap.</strong></span> <span class='ocrx_word' id='word_1_285' title='bbox 1072 2889 1120 2943; x_wconf 88' lang='lat' dir='ltr'><strong>bei</strong></span> <span class='ocrx_word' id='word_1_286' title='bbox 1147 2887 1251 2958; x_wconf 82' lang='lat' dir='ltr'><strong>Cicero,</strong></span> 
     </span>
     <span class='ocr_line' id='line_1_32' title="bbox 76 2957 1251 3030; baseline 0.003 -17"><span class='ocrx_word' id='word_1_287' title='bbox 76 2957 143 3013; x_wconf 83' lang='lat' dir='ltr'><strong>weil</strong></span> <span class='ocrx_word' id='word_1_288' title='bbox 153 2975 183 3012; x_wconf 88' lang='lat' dir='ltr'><strong>er</strong></span> <span class='ocrx_word' id='word_1_289' title='bbox 192 2975 243 3013; x_wconf 87' lang='lat' dir='ltr'><strong>aus</strong></span> <span class='ocrx_word' id='word_1_290' title='bbox 252 2959 397 3030; x_wconf 82' lang='lat' dir='ltr'><strong>Karthago</strong></span> <span class='ocrx_word' id='word_1_291' title='bbox 408 2961 548 3027; x_wconf 71' lang='lat' dir='ltr'><strong>stammte</strong></span> <span class='ocrx_word' id='word_1_292' title='bbox 562 2959 638 3014; x_wconf 86' lang='lat' dir='ltr'><strong>Frei-</strong></span> <span class='ocrx_word' id='word_1_293' title='bbox 693 2961 764 3014; x_wconf 86' lang='lat' dir='ltr'><strong>statt</strong></span> <span class='ocrx_word' id='word_1_294' title='bbox 791 2961 840 3014; x_wconf 86' lang='lat' dir='ltr'><strong>des</strong></span> <span class='ocrx_word' id='word_1_295' title='bbox 870 2957 1138 3030; x_wconf 75' lang='lat' dir='ltr'><strong>gebrtiuchiicheren</strong></span> <span class='ocrx_word' id='word_1_296' title='bbox 1161 2961 1251 3016; x_wconf 85' lang='lat' dir='ltr'><strong>odrau-</strong></span> 
     </span>
     <span class='ocr_line' id='line_1_33' title="bbox 98 3029 772 3086; baseline 0.001 -3"><span class='ocrx_word' id='word_1_297' title='bbox 98 3029 238 3084; x_wconf 85' lang='lat' dir='ltr'><strong>elassener</strong></span> <span class='ocrx_word' id='word_1_298' title='bbox 247 3029 296 3083; x_wconf 90' lang='lat' dir='ltr'><strong>des</strong></span> <span class='ocrx_word' id='word_1_299' title='bbox 308 3029 439 3084; x_wconf 75' lang='lat' dir='ltr'><strong>senators</strong></span> <span class='ocrx_word' id='word_1_300' title='bbox 448 3031 479 3084; x_wconf 94' lang='lat' dir='ltr'><strong>P.</strong></span> <span class='ocrx_word' id='word_1_301' title='bbox 490 3030 638 3086; x_wconf 84' lang='lat' dir='ltr'><strong>Terentius</strong></span> <span class='ocrx_word' id='word_1_302' title='bbox 693 3031 772 3084; x_wconf 75' lang='lat' dir='ltr'><strong>atsto.</strong></span> 
     </span>
     <span class='ocr_line' id='line_1_34' title="bbox 75 3048 1251 3238; baseline 0.002 -13"><span class='ocrx_word' id='word_1_303' title='bbox 75 3048 637 3238; x_wconf 67' lang='grc'><strong>1666666666</strong></span> <span class='ocrx_word' id='word_1_304' title='bbox 692 3101 908 3226; x_wconf 57' lang='lat' dir='ltr'><strong>,aitrau</strong></span> <span class='ocrx_word' id='word_1_305' title='bbox 922 3099 1251 3227; x_wconf 65' lang='lat' dir='ltr'><strong>infamatus</strong></span> 
     </span>
     <span class='ocr_line' id='line_1_35' title="bbox 75 3190 1251 3311; baseline 0.002 -16"><span class='ocrx_word' id='word_1_306' title='bbox 75 3240 191 3295; x_wconf 78' lang='lat' dir='ltr'><strong>modien</strong></span> <span class='ocrx_word' id='word_1_307' title='bbox 217 3241 297 3310; x_wconf 79' lang='lat' dir='ltr'><strong>trtigt</strong></span> <span class='ocrx_word' id='word_1_308' title='bbox 328 3239 402 3308; x_wconf 91' lang='lat' dir='ltr'><strong>eine,</strong></span> <span class='ocrx_word' id='word_1_309' title='bbox 434 3241 540 3296; x_wconf 85' lang='lat' dir='ltr'><strong>welche</strong></span> <span class='ocrx_word' id='word_1_310' title='bbox 572 3241 636 3296; x_wconf 86' lang='lat' dir='ltr'><strong>dem</strong></span> <span class='ocrx_word' id='word_1_311' title='bbox 690 3190 873 3296; x_wconf 53' lang='lat' dir='ltr'><strong>wiellerholte</strong></span> <span class='ocrx_word' id='word_1_312' title='bbox 886 3241 1072 3311; x_wconf 85' lang='lat' dir='ltr'><strong>Anwendung</strong></span> <span class='ocrx_word' id='word_1_313' title='bbox 1087 3242 1168 3311; x_wconf 89' lang='lat' dir='ltr'><strong>jenes</strong></span> <span class='ocrx_word' id='word_1_314' title='bbox 1182 3244 1251 3298; x_wconf 90' lang='lat' dir='ltr'><strong>Aus-</strong></span> 
     </span>
     <span class='ocr_line' id='line_1_36' title="bbox 76 3309 1251 3383; baseline 0.003 -18"><span class='ocrx_word' id='word_1_315' title='bbox 76 3311 182 3381; x_wconf 83' lang='lat' dir='ltr'><strong>griech.</strong></span> <span class='ocrx_word' id='word_1_316' title='bbox 205 3309 323 3364; x_wconf 82' lang='lat' dir='ltr'><strong>Dichter</strong></span> <span class='ocrx_word' id='word_1_317' title='bbox 340 3311 494 3366; x_wconf 82' lang='lat' dir='ltr'><strong>Menander</strong></span> <span class='ocrx_word' id='word_1_318' title='bbox 515 3312 636 3383; x_wconf 84' lang='lat' dir='ltr'><strong>neebge-</strong></span> <span class='ocrx_word' id='word_1_319' title='bbox 690 3311 1251 3383; x_wconf 66' lang='lat' dir='ltr'><strong>danemgelrommenwor.(11unguintil.</strong></span> 
     </span>
     <span class='ocr_line' id='line_1_37' title="bbox 75 3381 1250 3451; baseline 0.001 -15"><span class='ocrx_word' id='word_1_320' title='bbox 75 3382 168 3436; x_wconf 83' lang='lat' dir='ltr'><strong>bildet</strong></span> <span class='ocrx_word' id='word_1_321' title='bbox 198 3381 249 3449; x_wconf 89' lang='lat' dir='ltr'><strong>ist,</strong></span> <span class='ocrx_word' id='word_1_322' title='bbox 282 3381 336 3436; x_wconf 89' lang='lat' dir='ltr'><strong>den</strong></span> <span class='ocrx_word' id='word_1_323' title='bbox 369 3381 456 3437; x_wconf 81' lang='lat' dir='ltr'><strong>Titel:</strong></span> <span class='ocrx_word' id='word_1_324' title='bbox 489 3381 543 3438; x_wconf 89' lang='lat' dir='ltr'><strong>die</strong></span> <span class='ocrx_word' id='word_1_325' title='bbox 570 3385 635 3438; x_wconf 87' lang='lat' dir='ltr'><strong>An·</strong></span> <span class='ocrx_word' id='word_1_326' title='bbox 690 3389 719 3450; x_wconf 91' lang='lat'><strong>8,</strong></span> <span class='ocrx_word' id='word_1_327' title='bbox 748 3390 777 3451; x_wconf 88' lang='lat'><strong>3,</strong></span> <span class='ocrx_word' id='word_1_328' title='bbox 801 3389 849 3437; x_wconf 83' lang='lat'><strong>35:</strong></span> <span class='ocrx_word' id='word_1_329' title='bbox 875 3382 967 3437; x_wconf 77' lang='lat' dir='ltr'><strong>Cicero</strong></span> <span class='ocrx_word' id='word_1_330' title='bbox 981 3387 1067 3450; x_wconf 84' lang='lat' dir='ltr'><strong>putat</strong></span> <span class='ocrx_word' id='word_1_331' title='bbox 1085 3401 1103 3438; x_wconf 87' lang='grc'><strong>6</strong></span> <span class='ocrx_word' id='word_1_332' title='bbox 1123 3383 1250 3438; x_wconf 80' lang='lat' dir='ltr'><strong>Terentio</strong></span> 
     </span>
     <span class='ocr_line' id='line_1_38' title="bbox 77 3451 1252 3523; baseline 0.002 -17"><span class='ocrx_word' id='word_1_333' title='bbox 77 3451 217 3506; x_wconf 82' lang='lat' dir='ltr'><strong>drierin.</strong></span> <span class='ocrx_word' id='word_1_334' title='bbox 254 3451 312 3506; x_wconf 87' lang='lat' dir='ltr'><strong>Der</strong></span> <span class='ocrx_word' id='word_1_335' title='bbox 337 3451 400 3508; x_wconf 86' lang='lat' dir='ltr'><strong>hier</strong></span> <span class='ocrx_word' id='word_1_336' title='bbox 426 3451 536 3508; x_wconf 82' lang='lat' dir='ltr'><strong>citierte</strong></span> <span class='ocrx_word' id='word_1_337' title='bbox 563 3453 634 3508; x_wconf 87' lang='lat' dir='ltr'><strong>Vers</strong></span> <span class='ocrx_word' id='word_1_338' title='bbox 684 3455 832 3522; x_wconf 80' lang='lat' dir='ltr'><strong>primurn</strong></span> <span class='ocrx_word' id='word_1_339' title='bbox 850 3455 954 3508; x_wconf 75' lang='lat' dir='ltr'><strong>dictura</strong></span> <span class='ocrx_word' id='word_1_340' title='bbox 971 3469 1025 3508; x_wconf 84' lang='lat' dir='ltr'><strong>esse</strong></span> <span class='ocrx_word' id='word_1_341' title='bbox 1039 3455 1202 3523; x_wconf 80' lang='lat' dir='ltr'><strong>obsequium.</strong></span> <span class='ocrx_word' id='word_1_342' title='bbox 1216 3485 1252 3494; x_wconf 90' lang='lat'><em>-</em></span> 
     </span>
     <span class='ocr_line' id='line_1_39' title="bbox 77 3523 1251 3594; baseline 0 -16"><span class='ocrx_word' id='word_1_343' title='bbox 77 3523 154 3578; x_wconf 88' lang='lat' dir='ltr'><strong>steht</strong></span> <span class='ocrx_word' id='word_1_344' title='bbox 180 3523 307 3578; x_wconf 83' lang='lat' dir='ltr'><strong>daselbst</strong></span> <span class='ocrx_word' id='word_1_345' title='bbox 334 3531 361 3590; x_wconf 89' lang='lat'><strong>1,</strong></span> <span class='ocrx_word' id='word_1_346' title='bbox 390 3530 419 3590; x_wconf 91' lang='lat'><strong>1,</strong></span> <span class='ocrx_word' id='word_1_347' title='bbox 447 3530 489 3578; x_wconf 89' lang='lat'><strong>41.</strong></span> <span class='ocrx_word' id='word_1_348' title='bbox 518 3555 552 3564; x_wconf 90' lang='lat'>—</span> <span class='ocrx_word' id='word_1_349' title='bbox 574 3525 634 3579; x_wconf 89' lang='lat' dir='ltr'><strong>Aus</strong></span> <span class='ocrx_word' id='word_1_350' title='bbox 689 3523 781 3580; x_wconf 82' lang='lat' dir='ltr'><strong>Schon</strong></span> <span class='ocrx_word' id='word_1_351' title='bbox 806 3523 1251 3594; x_wconf 79' lang='lat' dir='ltr'><strong>beiPlant.Bacohid.4,10,7</strong></span> 
     </span>
     <span class='ocr_line' id='line_1_40' title="bbox 76 3593 1250 3662; baseline 0.002 -14"><span class='ocrx_word' id='word_1_352' title='bbox 76 3593 155 3648; x_wconf 86' lang='lat' dir='ltr'><strong>einer</strong></span> <span class='ocrx_word' id='word_1_353' title='bbox 169 3595 292 3649; x_wconf 87' lang='lat' dir='ltr'><strong>anderen</strong></span> <span class='ocrx_word' id='word_1_354' title='bbox 306 3593 442 3648; x_wconf 80' lang='lat' dir='ltr'><strong>Komddie</strong></span> <span class='ocrx_word' id='word_1_355' title='bbox 457 3594 505 3648; x_wconf 85' lang='lat' dir='ltr'><strong>des</strong></span> <span class='ocrx_word' id='word_1_356' title='bbox 521 3595 636 3662; x_wconf 78' lang='lat' dir='ltr'><strong>Terens,</strong></span> <span class='ocrx_word' id='word_1_357' title='bbox 691 3593 780 3650; x_wconf 89' lang='lat' dir='ltr'><strong>heisst</strong></span> <span class='ocrx_word' id='word_1_358' title='bbox 795 3612 837 3650; x_wconf 89' lang='lat' dir='ltr'><strong>es:</strong></span> <span class='ocrx_word' id='word_1_359' title='bbox 853 3597 945 3649; x_wconf 80' lang='lat' dir='ltr'><strong>animo</strong></span> <span class='ocrx_word' id='word_1_360' title='bbox 958 3595 1114 3662; x_wconf 74' lang='lat' dir='ltr'><strong>obsequiolo</strong></span> <span class='ocrx_word' id='word_1_361' title='bbox 1127 3601 1250 3662; x_wconf 71' lang='lat' dir='ltr'><strong>sonore.)</strong></span> 
     </span>
     <span class='ocr_line' id='line_1_41' title="bbox 76 3663 1251 3732; baseline 0.002 -14"><span class='ocrx_word' id='word_1_362' title='bbox 76 3663 340 3732; x_wconf 84' lang='lat' dir='ltr'><strong>demEunuehus,</strong></span> <span class='ocrx_word' id='word_1_363' title='bbox 350 3665 463 3720; x_wconf 88' lang='lat' dir='ltr'><strong>werden</strong></span> <span class='ocrx_word' id='word_1_364' title='bbox 472 3665 559 3719; x_wconf 90' lang='lat' dir='ltr'><strong>unten</strong></span> <span class='ocrx_word' id='word_1_365' title='bbox 568 3666 638 3720; x_wconf 87' lang='lat' dir='ltr'><strong>zwei</strong></span> <span class='ocrx_word' id='word_1_366' title='bbox 726 3665 839 3720; x_wconf 80' lang='lat' dir='ltr'><strong>comitas</strong></span> <span class='ocrx_word' id='word_1_367' title='bbox 853 3666 927 3719; x_wconf 77' lang='lat' dir='ltr'><strong>assit.</strong></span> <span class='ocrx_word' id='word_1_368' title='bbox 946 3664 1044 3718; x_wconf 86' lang='lat' dir='ltr'><strong>Dieser</strong></span> <span class='ocrx_word' id='word_1_369' title='bbox 1054 3665 1120 3720; x_wconf 80' lang='lat' dir='ltr'><strong>Sata</strong></span> <span class='ocrx_word' id='word_1_370' title='bbox 1134 3665 1173 3720; x_wconf 92' lang='lat' dir='ltr'><strong>ist</strong></span> <span class='ocrx_word' id='word_1_371' title='bbox 1187 3666 1251 3720; x_wconf 91' lang='lat' dir='ltr'><strong>dem</strong></span> 
     </span>
     <span class='ocr_line' id='line_1_42' title="bbox 76 3735 1251 3806; baseline 0.002 -17"><span class='ocrx_word' id='word_1_372' title='bbox 76 3735 185 3790; x_wconf 82' lang='lat' dir='ltr'><strong>Stellam</strong></span> <span class='ocrx_word' id='word_1_373' title='bbox 204 3735 372 3805; x_wconf 80' lang='lat' dir='ltr'><strong>angefdhrt:</strong></span> <span class='ocrx_word' id='word_1_374' title='bbox 395 3741 441 3802; x_wconf 79' lang='lat'><strong>25,</strong></span> <span class='ocrx_word' id='word_1_375' title='bbox 461 3740 508 3801; x_wconf 86' lang='lat'><strong>93;</strong></span> <span class='ocrx_word' id='word_1_376' title='bbox 527 3739 573 3802; x_wconf 80' lang='lat'><strong>26,</strong></span> <span class='ocrx_word' id='word_1_377' title='bbox 593 3743 635 3792; x_wconf 83' lang='grc'><strong>68.</strong></span> <span class='ocrx_word' id='word_1_378' title='bbox 690 3735 841 3806; x_wconf 83' lang='lat' dir='ltr'><strong>folgenden</strong></span> <span class='ocrx_word' id='word_1_379' title='bbox 869 3736 918 3788; x_wconf 89' lang='lat' dir='ltr'><strong>der</strong></span> <span class='ocrx_word' id='word_1_380' title='bbox 940 3735 1024 3790; x_wconf 86' lang='lat' dir='ltr'><strong>Form</strong></span> <span class='ocrx_word' id='word_1_381' title='bbox 1047 3736 1120 3790; x_wconf 85' lang='lat' dir='ltr'><strong>nach</strong></span> <span class='ocrx_word' id='word_1_382' title='bbox 1145 3736 1251 3791; x_wconf 86' lang='lat' dir='ltr'><strong>coordi-</strong></span> 
     </span>
     <span class='ocr_line' id='line_1_43' title="bbox 111 3804 1250 3874; baseline 0.002 -15"><span class='ocrx_word' id='word_1_383' title='bbox 111 3807 144 3860; x_wconf 80' lang='lat' dir='ltr'><strong>s&#39;o</strong></span> <span class='ocrx_word' id='word_1_384' title='bbox 160 3806 287 3872; x_wconf 82' lang='lat' dir='ltr'><strong>fraudem</strong></span> <span class='ocrx_word' id='word_1_385' title='bbox 304 3807 396 3862; x_wconf 83' lang='lat' dir='ltr'><strong>-im</strong></span> <span class='ocrx_word' id='word_1_386' title='bbox 416 3806 515 3860; x_wconf 81' lang='lat' dir='ltr'><strong>ellltor.</strong></span> <span class='ocrx_word' id='word_1_387' title='bbox 530 3804 586 3860; x_wconf 86' lang='lat' dir='ltr'><strong>Cic.</strong></span> <span class='ocrx_word' id='word_1_388' title='bbox 601 3806 636 3862; x_wconf 92' lang='lat' dir='ltr'><strong>de</strong></span> <span class='ocrx_word' id='word_1_389' title='bbox 690 3805 776 3874; x_wconf 81' lang='lat' dir='ltr'><strong>nient,</strong></span> <span class='ocrx_word' id='word_1_390' title='bbox 795 3806 928 3861; x_wconf 79' lang='lat' dir='ltr'><strong>withrend</strong></span> <span class='ocrx_word' id='word_1_391' title='bbox 947 3823 977 3861; x_wconf 87' lang='lat' dir='ltr'><strong>er</strong></span> <span class='ocrx_word' id='word_1_392' title='bbox 995 3807 1059 3860; x_wconf 90' lang='lat' dir='ltr'><strong>dem</strong></span> <span class='ocrx_word' id='word_1_393' title='bbox 1077 3807 1163 3861; x_wconf 84' lang='lat' dir='ltr'><strong>Sinne</strong></span> <span class='ocrx_word' id='word_1_394' title='bbox 1178 3807 1250 3861; x_wconf 85' lang='lat' dir='ltr'><strong>nach</strong></span> 
     </span>
     <span class='ocr_line' id='line_1_44' title="bbox 75 3875 1250 3945; baseline 0.002 -15"><span class='ocrx_word' id='word_1_395' title='bbox 75 3875 121 3930; x_wconf 86' lang='lat' dir='ltr'><strong>off.</strong></span> <span class='ocrx_word' id='word_1_396' title='bbox 139 3883 167 3942; x_wconf 89' lang='lat'><strong>1,</strong></span> <span class='ocrx_word' id='word_1_397' title='bbox 183 3882 229 3944; x_wconf 80' lang='lat'><strong>26,</strong></span> <span class='ocrx_word' id='word_1_398' title='bbox 244 3883 276 3932; x_wconf 86' lang='lat'><strong>91</strong></span> <span class='ocrx_word' id='word_1_399' title='bbox 293 3893 341 3932; x_wconf 82' lang='lat' dir='ltr'><strong>cun</strong></span> <span class='ocrx_word' id='word_1_400' title='bbox 395 3893 442 3931; x_wconf 83' lang='lat' dir='ltr'><strong>orn</strong></span> <span class='ocrx_word' id='word_1_401' title='bbox 455 3880 635 3932; x_wconf 69' lang='lat' dir='ltr'><strong>astoensem</strong></span> <span class='ocrx_word' id='word_1_402' title='bbox 690 3877 771 3932; x_wconf 81' lang='lat' dir='ltr'><strong>h&#39;atte</strong></span> <span class='ocrx_word' id='word_1_403' title='bbox 786 3876 975 3931; x_wconf 85' lang='lat' dir='ltr'><strong>subordiniert</strong></span> <span class='ocrx_word' id='word_1_404' title='bbox 988 3877 1048 3932; x_wconf 88' lang='lat' dir='ltr'><strong>sein</strong></span> <span class='ocrx_word' id='word_1_405' title='bbox 1062 3877 1151 3932; x_wconf 90' lang='lat' dir='ltr'><strong>sollen</strong></span> <span class='ocrx_word' id='word_1_406' title='bbox 1166 3879 1250 3945; x_wconf 85' lang='lat' dir='ltr'><strong>(elwa</strong></span> 
     </span>
     <span class='ocr_line' id='line_1_45' title="bbox 74 3947 841 4017; baseline 0 -15"><span class='ocrx_word' id='word_1_407' title='bbox 74 3947 211 4003; x_wconf 80' lang='lat' dir='ltr'><strong>tutoribus</strong></span> <span class='ocrx_word' id='word_1_408' title='bbox 233 3949 437 4016; x_wconf 81' lang='lat' dir='ltr'><strong>patefaciamus</strong></span> <span class='ocrx_word' id='word_1_409' title='bbox 464 3948 544 4002; x_wconf 74' lang='lat' dir='ltr'><strong>orris</strong></span> <span class='ocrx_word' id='word_1_410' title='bbox 571 3964 636 4002; x_wconf 83' lang='lat' dir='ltr'><strong>oeno</strong></span> <span class='ocrx_word' id='word_1_411' title='bbox 689 3947 743 4002; x_wconf 86' lang='lat' dir='ltr'><strong>mit</strong></span> <span class='ocrx_word' id='word_1_412' title='bbox 761 3949 841 4017; x_wconf 82' lang='lat' dir='ltr'><strong>lieet).</strong></span> 
     </span>
     <span class='ocr_line' id='line_1_46' title="bbox 75 4017 1249 4087; baseline 0 -15"><span class='ocrx_word' id='word_1_413' title='bbox 75 4017 191 4072; x_wconf 80' lang='lat' dir='ltr'><strong>adulari</strong></span> <span class='ocrx_word' id='word_1_414' title='bbox 213 4033 264 4073; x_wconf 82' lang='lat' dir='ltr'><strong>nos</strong></span> <span class='ocrx_word' id='word_1_415' title='bbox 284 4020 421 4086; x_wconf 70' lang='lat' dir='ltr'><strong>elnonae,</strong></span> <span class='ocrx_word' id='word_1_416' title='bbox 443 4019 550 4087; x_wconf 83' lang='lat' dir='ltr'><strong>inquo</strong></span> <span class='ocrx_word' id='word_1_417' title='bbox 572 4019 637 4084; x_wconf 78' lang='lat' dir='ltr'><strong>solli</strong></span> <span class='ocrx_word' id='word_1_418' title='bbox 727 4019 825 4084; x_wconf 81' lang='lat' dir='ltr'><strong>libero,</strong></span> <span class='ocrx_word' id='word_1_419' title='bbox 840 4017 1072 4085; x_wconf 63' lang='lat' dir='ltr'><strong>substantialem,</strong></span> <span class='ocrx_word' id='word_1_420' title='bbox 1088 4017 1249 4072; x_wconf 88' lang='lat' dir='ltr'><strong>ausAnlass</strong></span> 
     </span>
     <span class='ocr_line' id='line_1_47' title="bbox 74 4088 1120 4156; baseline -0.003 -12"><span class='ocrx_word' id='word_1_421' title='bbox 74 4089 158 4156; x_wconf 74' lang='lat' dir='ltr'><strong>focile</strong></span> <span class='ocrx_word' id='word_1_422' title='bbox 176 4093 222 4142; x_wconf 84' lang='lat' dir='ltr'><strong>eat.</strong></span> <span class='ocrx_word' id='word_1_423' title='bbox 691 4088 740 4143; x_wconf 87' lang='lat' dir='ltr'><strong>des</strong></span> <span class='ocrx_word' id='word_1_424' title='bbox 758 4089 860 4144; x_wconf 87' lang='lat' dir='ltr'><strong>vorher</strong></span> <span class='ocrx_word' id='word_1_425' title='bbox 880 4088 1007 4142; x_wconf 89' lang='lat' dir='ltr'><strong>ehenden</strong></span> <span class='ocrx_word' id='word_1_426' title='bbox 1025 4089 1120 4143; x_wconf 81' lang='lat' dir='ltr'><strong>antico.</strong></span> 
     </span>
     <span class='ocr_line' id='line_1_48' title="bbox 109 4157 1249 4232; baseline 0.001 -19"><span class='ocrx_word' id='word_1_427' title='bbox 109 4157 243 4214; x_wconf 80' lang='lat' dir='ltr'><strong>babendo.</strong></span> <span class='ocrx_word' id='word_1_428' title='bbox 279 4158 377 4214; x_wconf 86' lang='lat' dir='ltr'><strong>Dieses</strong></span> <span class='ocrx_word' id='word_1_429' title='bbox 404 4159 530 4214; x_wconf 88' lang='lat' dir='ltr'><strong>Verbum</strong></span> <span class='ocrx_word' id='word_1_430' title='bbox 556 4162 637 4229; x_wconf 87' lang='lat' dir='ltr'><strong>passt</strong></span> <span class='ocrx_word' id='word_1_431' title='bbox 727 4164 750 4225; x_wconf 68' lang='grc' dir='ltr'><strong>ς.</strong></span> <span class='ocrx_word' id='word_1_432' title='bbox 770 4166 818 4232; x_wconf 60' lang='grc'><strong>911,</strong></span> <span class='ocrx_word' id='word_1_433' title='bbox 865 4160 962 4214; x_wconf 60' lang='lat' dir='ltr'><strong>olona.</strong></span> <span class='ocrx_word' id='word_1_434' title='bbox 992 4158 1018 4212; x_wconf 84' lang='lat' dir='ltr'><strong>S.</strong></span> <span class='ocrx_word' id='word_1_435' title='bbox 1042 4177 1078 4212; x_wconf 83' lang='lat' dir='ltr'><strong>au</strong></span> <span class='ocrx_word' id='word_1_436' title='bbox 1096 4164 1136 4224; x_wconf 70' lang='lat'><strong>§5-</strong></span> <span class='ocrx_word' id='word_1_437' title='bbox 1155 4165 1173 4212; x_wconf 89' lang='grc'>4</span> <span class='ocrx_word' id='word_1_438' title='bbox 1191 4159 1249 4214; x_wconf 90' lang='lat' dir='ltr'><strong>und</strong></span> 
     </span>
     <span class='ocr_line' id='line_1_49' title="bbox 73 4229 1249 4297; baseline 0.001 -13"><span class='ocrx_word' id='word_1_439' title='bbox 73 4229 212 4285; x_wconf 74' lang='lat' dir='ltr'><strong>auntohst</strong></span> <span class='ocrx_word' id='word_1_440' title='bbox 234 4249 287 4284; x_wconf 88' lang='lat' dir='ltr'><strong>nur</strong></span> <span class='ocrx_word' id='word_1_441' title='bbox 309 4249 344 4284; x_wconf 87' lang='lat' dir='ltr'><strong>au</strong></span> <span class='ocrx_word' id='word_1_442' title='bbox 367 4232 456 4297; x_wconf 65' lang='lat' dir='ltr'><strong>ratim</strong></span> <span class='ocrx_word' id='word_1_443' title='bbox 483 4229 549 4286; x_wconf 82' lang='lat' dir='ltr'><strong>dari</strong></span> <span class='ocrx_word' id='word_1_444' title='bbox 570 4232 638 4285; x_wconf 86' lang='lat' dir='ltr'><strong>aber</strong></span> <span class='ocrx_word' id='word_1_445' title='bbox 692 4237 716 4286; x_wconf 89' lang='grc'><strong>6.</strong></span> <span class='ocrx_word' id='word_1_446' title='bbox 742 4261 775 4269; x_wconf 99' lang='grc'>-</span> <span class='ocrx_word' id='word_1_447' title='bbox 798 4229 982 4284; x_wconf 84' lang='lat' dir='ltr'><strong>Ahnlichkeit</strong></span> <span class='ocrx_word' id='word_1_448' title='bbox 1003 4229 1057 4283; x_wconf 86' lang='lat' dir='ltr'><strong>mit</strong></span> <span class='ocrx_word' id='word_1_449' title='bbox 1089 4229 1153 4284; x_wconf 90' lang='lat' dir='ltr'><strong>dem</strong></span> <span class='ocrx_word' id='word_1_450' title='bbox 1179 4231 1249 4286; x_wconf 87' lang='lat' dir='ltr'><strong>Aus-</strong></span> 
     </span>
     <span class='ocr_line' id='line_1_50' title="bbox 73 4299 1249 4381; baseline 0.001 -26"><span class='ocrx_word' id='word_1_451' title='bbox 73 4301 147 4358; x_wconf 86' lang='lat' dir='ltr'><strong>auch</strong></span> <span class='ocrx_word' id='word_1_452' title='bbox 166 4319 201 4355; x_wconf 83' lang='lat' dir='ltr'><strong>an</strong></span> <span class='ocrx_word' id='word_1_453' title='bbox 215 4301 361 4372; x_wconf 73' lang='lat' dir='ltr'><strong>diligentia</strong></span> <span class='ocrx_word' id='word_1_454' title='bbox 378 4301 504 4373; x_wconf 78' lang='lat' dir='ltr'><strong>beregen</strong></span> <span class='ocrx_word' id='word_1_455' title='bbox 516 4301 637 4371; x_wconf 85' lang='lat' dir='ltr'><strong>werden,</strong></span> <span class='ocrx_word' id='word_1_456' title='bbox 692 4301 811 4372; x_wconf 87' lang='lat' dir='ltr'><strong>spruohe</strong></span> <span class='ocrx_word' id='word_1_457' title='bbox 824 4301 876 4356; x_wconf 87' lang='lat' dir='ltr'><strong>hat</strong></span> <span class='ocrx_word' id='word_1_458' title='bbox 886 4299 1018 4381; x_wconf 60' lang='grc'><strong>6611111666</strong></span> <span class='ocrx_word' id='word_1_459' title='bbox 1032 4301 1127 4358; x_wconf 81' lang='lat' dir='ltr'><strong>Wort:</strong></span> <span class='ocrx_word' id='word_1_460' title='bbox 1142 4301 1249 4357; x_wconf 83' lang='lat' dir='ltr'><strong>Tener</strong></span> 
     </span>
    </p>
   </div>
   <div class='ocr_carea' id='block_1_4' title="bbox 997 4391 1035 4442">
    <p class='ocr_par' dir='ltr' id='par_1_5' title="bbox 997 4391 1035 4442">
     <span class='ocr_line' id='line_1_51' title="bbox 997 4391 1035 4442; baseline 0 -19"><span class='ocrx_word' id='word_1_461' title='bbox 997 4391 1035 4442; x_wconf 75' lang='grc'><strong>4*</strong></span> 
     </span>
    </p>
   </div>
   <div class='ocr_carea' id='block_1_5' title="bbox 0 0 1472 4928">
    <p class='ocr_par' dir='ltr' id='par_1_6' title="bbox 0 0 1472 4928">
     <span class='ocr_line' id='line_1_52' title="bbox 0 0 1472 4928; baseline 0 1"><span class='ocrx_word' id='word_1_462' title='bbox 0 0 1472 4928; x_wconf 95' lang='lat' dir='ltr'><strong> </strong></span> 
     </span>
    </p>
   </div>
  </div>
 </body>
</html>
