2936 4928
207 195 249 260 36
717 193 871 250 nunnius

205 339 388 402 concedetur
411 341 547 419 proiecto
568 357 674 400 verum
692 356 773 409 esse,
797 347 831 400 nt
853 338 948 400 bonos
970 339 1042 400 boni
1067 337 1193 417 diligant
1221 342 1385 402 asciscant·

206 444 263 504 que
292 423 351 485 sibi
379 427 465 504 quasi
493 426 718 504 propinquitate
742 426 919 486 coniunctos
942 431 1031 504 atque
1060 431 1176 485 natura.
1228 423 1310 486 Nihil
1340 433 1386 486 θεῖ

205 513 287 570 enim
309 511 501 588 appetentius
523 509 669 570 similium
691 510 739 568 sui
766 526 822 568 nec
844 511 982 586 rapacius
1011 527 1101 588 quam
1123 518 1240 570 natura.
1289 508 1386 580 Quam

205 594 244 654 ob
268 613 333 655 rem
354 593 412 654 hoc
434 593 571 674 quidem,
594 591 691 653 Fanni
714 600 744 652 et
767 592 916 660 Scaevola,
941 600 1071 665 constet,
1097 601 1132 654 nt
1154 596 1271 672 opinor,
1296 593 1385 654 bonis

205 682 285 739 inter
315 677 410 738 bonos
439 681 524 758 quasi
551 680 754 738 necessariam
788 676 1043 746 benevolentiam,
1080 680 1132 756 qui
1161 686 1206 738 est
1234 680 1384 738 amicitiae

204 763 273 824 sons
296 781 312 823 a
334 768 441 822 natura
464 765 655 823 constitutus.
694 760 753 822 Sed
776 761 881 821 eadem
903 761 1022 822 bonitas
1045 763 1191 823 etiamad
1215 763 1384 824 multitudi-

205 866 275 906 nem
297 849 439 925 pertinet.
481 846 547 906 Non
569 850 650 908 enim
672 853 719 907 θεῖ
742 845 904 907 inhumana
927 848 1022 911 virtus
1045 863 1142 922 neque
1166 849 1309 909 immunis
1332 867 1384 907 ne·

205 949 262 1010 que
286 931 433 1010 superba,
463 948 540 1010 quae
570 933 662 992 ctiam
690 931 816 1010 populos
847 933 1003 992 universos
1031 933 1111 992 tueri
1139 933 1243 1010 eisque
1271 935 1383 1010 optime

205 1015 363 1076 consulere
387 1015 490 1084 soleat,
514 1015 594 1094 quod
616 1033 676 1076 non
698 1015 814 1076 iaceret
835 1015 981 1094 prolecto,
1005 1019 1031 1076 si
1047 1034 1063 1075 a
1079 1019 1204 1076 caritate
1227 1016 1307 1094 vulgi
1331 1017 1384 1078 ab·

152 1101 194 1166 51
207 1100 357 1160 horreret.
403 1101 499 1178 Atque
522 1102 613 1160 etiam
635 1099 710 1160 mihi
732 1100 855 1179 quidem
878 1100 1025 1170 videntur,
1056 1103 1108 1178 qui
1131 1101 1270 1162 utilitatis
1293 1120 1383 1162 cansa

205 1185 323 1260 fingunt
351 1185 514 1252 amicitias,
548 1183 795 1246 amabilissimum
823 1184 937 1246 nodum
965 1186 1111 1246 amicitiae
1145 1185 1261 1246 tollere.
1319 1185 1385 1245 Non

205 1271 287 1328 enim
309 1277 371 1329 tam
386 1268 500 1330 utilitas
522 1275 607 1345 parta
629 1286 684 1345 per
700 1271 830 1330 amicum
846 1287 934 1348 quam
950 1272 1039 1329 amici
1055 1288 1138 1346 amor
1161 1272 1225 1348 ipse
1244 1269 1382 1338 delectat,

205 1362 328 1430 tumque
352 1351 424 1413 illud
447 1353 488 1422 iit,
512 1352 593 1433 quod
615 1352 652 1412 ab
675 1355 772 1414 amico
797 1359 843 1412 θεῖ
864 1355 1043 1432 profectum,
1067 1353 1241 1424 iucundum,
1266 1357 1292 1416 si
1315 1373 1385 1415 cum

205 1437 304 1498 studio
328 1443 373 1498 est
395 1437 581 1516 proiectum,
610 1444 787 1516 tantumque
816 1436 900 1498 abest
919 1446 955 1498 ut
977 1440 1127 1498 amicitiae
1156 1447 1281 1518 propter
1305 1439 1384 1500 indi-

204 1524 336 1599 gentiam
359 1522 509 1591 colantur,
533 1531 567 1583 ut
588 1524 626 1591 ii,
657 1525 710 1601 qui
739 1521 848 1602 opibus
876 1529 906 1582 et
928 1525 1023 1600 copiis
1050 1525 1237 1602 maximeque
1260 1527 1383 1592 virtute,

205 1609 236 1666 in
260 1625 318 1685 qua
341 1606 505 1684 plurimum
528 1614 574 1666 est
595 1607 754 1685 praesidii,
779 1609 903 1670 minime
928 1604 1051 1668 alterius
1080 1607 1248 1685 indigeant,
1273 1607 1384 1668 libera·

203 1691 310 1751 lissimi
333 1693 393 1750 sint
415 1699 446 1750 θῖ
467 1689 744 1752 beneficentissimi.
787 1695 883 1770 Atque
906 1690 986 1752 haud
1008 1694 1102 1752 sciam
1125 1710 1162 1752 an
1185 1711 1222 1752 ne
1245 1709 1321 1772 opus
1344 1697 1385 1754 sit

204 1775 326 1854 quidem
353 1774 429 1835 nibil
464 1793 596 1854 unquam
630 1779 753 1836 omnino
787 1776 891 1836 deesse
921 1777 1035 1835 amicis.
1086 1775 1146 1837 Ubi
1174 1779 1254 1838 euim
1283 1778 1383 1839 studia

204 1867 307 1919 nostra
329 1861 503 1938 viguissent,
527 1863 554 1921 si
576 1879 730 1940 nunquam
750 1861 885 1930 consilio,
910 1878 1063 1938 nunquam
1087 1879 1178 1938 opera
1201 1870 1303 1922 nostra
1326 1882 1384 1923 nec

204 1943 285 2004 domi
307 1963 363 2006 nec
385 1945 511 2006 militiae
534 1945 635 2024 Scipio
659 1946 809 2023 eguisset?
853 1943 919 2006 Non
940 1944 1034 2022 igitur
1056 1945 1214 2006 utilitatem
1238 1949 1382 2016 amicitia,

205 2029 258 2088 sed
282 2029 397 2090 utilitas
420 2031 582 2090 amicitiam
604 2038 706 2090 secuta
729 2037 784 2090 θεῖ.

152 2111 195 2176 52
291 2111 350 2177 XV.
373 2113 439 2174 Non
463 2131 534 2191 ergo
558 2122 647 2174 erunt
676 2115 813 2175 homines
836 2114 953 2174 deliciis
976 2113 1148 2174 diillneutes
1170 2113 1325 2182 audiendi,
1358 2119 1383 2176 si

206 2198 326 2276 quando
349 2198 385 2258 de
409 2201 555 2268 amicitia,
586 2217 674 2276 quam
695 2217 751 2260 nec
773 2217 831 2259 usu
859 2215 914 2258 nec
941 2201 1059 2259 ratione
1087 2197 1199 2260 habeut
1221 2202 1383 2278 cognitam,

205 2280 413 2360 disputabunt.
460 2283 532 2343 Nam
556 2286 624 2362 quis
646 2291 706 2353 est,
730 2282 807 2362 proh
830 2282 954 2344 deorum
983 2283 1072 2344 iidem
1094 2291 1183 2363 atque
1210 2283 1383 2346 hominum!

205 2368 257 2444 qui
280 2365 367 2436 velit,
397 2375 430 2427 ut
452 2385 550 2448 neque
573 2367 678 2444 diligat
703 2385 884 2447 quemquam
907 2385 962 2428 nec
990 2368 1055 2447 ipse
1079 2367 1122 2428 ab.
1139 2367 1200 2430 ullo
1228 2368 1382 2446 diligatur,

237 2551 330 2590 oerum
352 2551 417 2602 csse,
440 2542 479 2590 ut.
508 2536 534 2591 S.
560 2555 594 2590 zu
617 2542 641 2604 ς.
667 2543 701 2592 14
719 2553 761 2592 cc·

203 2607 293 2672 riorc,
315 2611 355 2660 ut.

239 2677 763 2748 appetentinebeicntdasVerlengen3

203 2750 334 2817 rapacius
352 2749 398 2802 die
411 2747 495 2801 Kraft
510 2747 559 2802 der
572 2749 762 2820 Ansfiihrnng.

237 2821 378 2873 similium.
399 2817 425 2872 S.
446 2837 480 2871 zu
499 2823 522 2900 δ’.
542 2819 708 2874 aretiis.
743 2890 749 2901 ι

203 2889 765 3040 attia,tttllttttalttifltta

204 3031 254 3084 der
273 3030 338 3084 Satn
357 3047 388 3083 m
406 3029 527 3084 director
545 3029 621 3085 Rode
635 3031 666 3086 in
679 3033 764 3086 nach-

203 3101 396 3155 drnckevoller
418 3099 511 3154 Kiirze
534 3101 632 3156 leuben
654 3103 763 3158 wtirde:

203 3173 293 3226 Bonis
305 3173 377 3226 inter
392 3171 476 3226 bonos
489 3175 642 3228 necessario
656 3175 763 3228 beneco

203 3243 296 3296 lentio.

238 3329 296 3367 non
317 3317 356 3366 eet
373 3313 528 3367 inhumana
542 3337 575 3358 =
590 3313 629 3368 eie
648 3315 700 3368 hat
718 3315 764 3369 ein

203 3383 275 3438 Hera
293 3383 339 3437 fiir
358 3385 461 3438 andere
480 3383 638 3437 Menschen.

239 3455 382 3521 immunia,
400 3454 520 3509 welches
539 3455 717 3524 gewdhnlich
735 3455 766 3510 in

203 3525 382 3595 politischem
399 3525 498 3580 Sinne:
522 3523 589 3579 frei
611 3543 676 3580 von
699 3527 765 3581 den

169 3657 170 3660 Ἴ
202 3597 376 3651 muniades
397 3597 538 3651 stantes
551 3597 699 3665 bedentet,
718 3599 765 3652 be·

204 3667 334 3720 zeichnet
347 3667 409 3720 hier
423 3668 490 3735 den,
505 3668 626 3723 welcher
640 3668 700 3723 sich
710 3669 765 3724 den

202 3738 300 3791 munia
330 3737 449 3818 (ospicio)
481 3739 539 3792 der
566 3739 764 3794 Menschen-

202 3808 294 3863 liebe
314 3808 446 3862 entztehb.

239 3885 261 3946 ς.
283 3885 325 3934 51.
345 3879 578 3934 amabilissimum.
603 3881 629 3935 S.
648 3886 685 3935 'zu
703 3887 726 3948 ἕ.
746 3889 763 3936 4

201 3951 319 4005 ntcctmc
336 3952 540 4005 commeabilem.

238 4027 297 4074 tum
314 4051 349 4061 -—
367 4022 399 4076 st‘.
429 4021 456 4075 S.
476 4041 511 4076 zu
530 4027 552 4088 ἕ.
573 4027 614 4077 25.

233 4092 335 4214 lepidam
353 4122 389 4132 -
406 4093 514 4147 uirtute.
548 4093 675 4148 Ablativi
699 4111 762 4149 cau·

203 4179 282 4216 saes.

237 4233 313 4288 band
331 4235 415 4288 sciam
433 4251 478 4290 au.
506 4235 601 4290 Dutch
620 4236 675 4290 den
693 4236 761 4292 Con-

816 2535 929 2606 junetiv
947 2537 1032 2591 sciam
1051 2536 1122 2592 wird
1137 2537 1182 2591 die
1196 2538 1383 2593 Bescheiden-

818 2607 879 2662 heit
907 2608 956 2662 der
984 2607 1174 2679 Behauptnng
1201 2608 1274 2662 noch
1301 2611 1384 2678 mehr

818 2679 980 2749 gesteigert.

859 2751 913 2804 Ubi
923 2751 994 2804 cuim
1003 2749 1098 2804 studio
1107 2766 1135 2802 n.
1145 2750 1302 2820 viguissent,
1312 2753 1336 2805 ei
1347 2783 1384 2791 —

817 2819 1038 2890 Scipiocouc'ssct.
1049 2820 1162 2876 Laelius
1167 2821 1236 2892 geht
1241 2821 1303 2876 hier
1308 2823 1384 2876 noch

818 2890 1125 2946 einenSchrittweiter.
1141 2891 1180 2944 Er
1212 2891 1252 2946 'bt
1262 2911 1304 2960 au,
1316 2893 1383 2948 dass

818 2911 1384 3030 HiilfeleisbnngzurFreunddchaftdien-

818 3032 876 3086 lich
891 3032 933 3087 sei
949 3032 1016 3102 (vgl.
1032 3037 1055 3098 ξ.
1066 3038 1100 3088 49
1111 3033 1183 3088 ntttt
1192 3035 1385 3090 uicissitudine

818 3103 972 3159 studiorum
986 3103 1191 3179 officiorumque
1204 3106 1382 3176 tuccrndius);

819 3175 887 3228 aber
901 3173 1025 3244 weniger
1034 3173 1080 3228 fiir
1090 3175 1145 3229 den
1155 3175 1383 3244 Unterstiibzten‚

819 3245 861 3299 als
880 3244 925 3298 fiir
944 3245 999 3298 den
1017 3245 1280 3302 Unterstiitzenden.

853 3317 903 3369 nbi
917 3340 950 3360 =
965 3317 997 3368 in
1014 3332 1071 3384 qna
1088 3333 1125 3370 rc.
1145 3317 1209 3387 Vgl.
1224 3317 1280 3372 Cio.
1297 3319 1381 3373 Tusc.

820 3393 848 3453 5,
872 3392 919 3453 41,
945 3391 994 3439 121
1028 3385 1082 3441 Ubi
1104 3389 1199 3442 melina
1221 3390 1265 3442 uti
1282 3405 1384 3458 possu-

818 3473 878 3512 mus
895 3457 945 3510 boc
963 3455 1039 3511 otio?

854 3529 1011 3597 nequissent.
1044 3529 1077 3582 In
1100 3529 1188 3599 cipere
1207 3529 1278 3597 (sich
1302 3532 1383 3586 betti-

819 3599 908 3669 tigen)
928 3599 999 3669 liegt
1018 3599 1063 3654 die
1082 3599 1304 3671 Beweglichlceit
1322 3605 1384 3658 und

819 3669 939 3740 Energie
958 3670 1008 3724 des
1026 3670 1135 3726 Lebene
1155 3673 1353 3742 ausgedaiiclrt.

855 3746 877 3806 §-
895 3747 936 3794 52.
956 3742 1055 3796 babent
1069 3744 1249 3810 coontcom=
1260 3744 1385 3798 erkennt

818 3812 876 3866 und
896 3813 1040 3866 erworben
1058 3813 1159 3867 haben.

852 3899 1056 3952 quantocum—
1066 3885 1131 3938 ullo.
1151 3884 1214 3939 Wie
1230 3884 1284 3940 uio.
1301 3887 1384 3941 nullo

818 3953 853 4021 (9,
869 3957 914 4022 30)
929 3954 1085 4026 gebrouoht
1099 3957 1171 4009 siett
1184 3956 1233 4010 des
1247 3957 1383 4012 Abletivs

816 4041 873 4078 von
891 4041 980 4090 nemo,
1000 4041 1029 4078 so
1044 4025 1075 4078 in
1089 4025 1139 4080 der
1152 4025 1241 4096 chel
1255 4026 1301 4082 fiir
1315 4045 1384 4098 quo-

816 4111 898 4164 quam
916 4095 1052 4150 rielmehr
1069 4097 1134 4152 ullu.

852 4172 884 4220 nt
902 4182 985 4235 neque
998 4166 1099 4236 diligat
1113 4193 1146 4214 =
1160 4184 1189 4222 co
1203 4169 1282 4224 modo
1296 4185 1385 4239 coorto

817 4237 884 4306 leon,
904 4242 936 4291 ut
953 4255 981 4291 n.
1000 4237 1026 4292 d.
1051 4239 1087 4292 So
1103 4237 1157 4294 Cic.
1173 4238 1269 4294 defin.
1285 4247 1314 4309 2,
1336 4249 1385 4312 22,
