2936 4928
488 197 552 265 vu,
572 197 729 267 aa-vm,
749 205 791 253 rc.
1184 201 1228 268 25

149 341 324 405 Scauvoua.
369 341 445 413 Quid
477 344 656 406 amicitiam?
689 361 788 406 nonne
822 345 908 408 lacile
932 349 976 415 ei,
1009 349 1061 426 qni
1095 346 1132 410 ob
1165 366 1232 410 eam

61 445 180 488 sumrrm
210 427 287 498 lide,
324 429 491 490 coosmntia
523 429 697 508 iustitioque
732 437 882 490 serratam
913 433 1073 494 maximam
1106 433 1233 511 gloriam

60 512 201 592 ceperit?
361 565 363 572 ,
726 551 728 556 ,

149 595 224 658 Vlll.
246 596 395 658 benarno.
422 596 490 658 Vim
511 595 569 659 boa
591 597 712 678 quidem
728 604 773 660 eat
795 597 917 660 afferre:
940 599 1012 679 quid
1036 602 1116 662 enim
1137 599 1286 664 relert26

61 701 121 762 qua
144 699 193 744 mo
215 684 330 744 rationo
356 681 489 756 cogatis?
517 684 624 760 cogitis
652 691 744 744 certe.
792 683 909 746 Studiis
937 687 1017 760 cuim
1045 702 1232 762 generorum,

60 770 248 848 praesertim¹
266 768 298 826 iu
320 784 354 827 re
376 764 468 834 baua,
498 783 566 828 cum
589 766 712 830 difficile-
741 774 787 830 est
813 776 877 830 tum
899 787 1086 850 coaequum
1112 770 1234 850 quidem

63 853 223 914 obsistere.
775 858 779 865 ’
1008 897 1009 905 1

151 935 338 1014 Saepissime
366 937 460 1014 igitur
487 935 562 996 mihi
596 935 632 997 de
662 939 794 1004 amicitia
827 939 970 1014 cogitanti
997 941 1126 1000 maxime
1160 939 1234 1000 illud

64 1021 320 1084 considerandum
345 1019 441 1080 videri
469 1019 558 1086 solet,
593 1027 694 1084 utrum
726 1029 850 1100 propter
865 1021 1118 1087 imbecillitatem
1146 1032 1234 1104 atque

63 1109 197 1186 inopiam
226 1105 394 1166 desiderata
416 1107 460 1166 sit
477 1107 624 1174 amicitia,
654 1113 687 1166 ut
713 1106 819 1166 dandis
844 1107 1084 1188 recipiendisque
1105 1111 1233 1178 meritis,

63 1193 144 1271 qnod
173 1193 240 1270 quis
263 1191 361 1251 minus
388 1207 443 1267 per
464 1207 496 1250 so
526 1192 590 1268 ipae
619 1199 734 1270 posset,
763 1189 793 1252 id
817 1193 968 1270 acciperet
995 1191 1032 1254 ab
1060 1193 1118 1254 alio
1145 1194 1234 1254 vicis*

63 1280 182 1356 simque
210 1273 365 1343 redderem
395 1285 433 1334 aa
461 1281 541 1336 esset
560 1274 623 1338 ‚hoc
650 1275 774 1354 quidem
803 1279 961 1355 proprium
987 1279 1152 1349 amicitiae,
1182 1277 1235 1342 scd

64 1361 218 1440 antiquior
240 1367 271 1420 et
291 1357 448 1438 pulchrior
470 1365 501 1420 et
526 1361 660 1436 magica
683 1367 790 1423 natura
811 1363 875 1438 ipsa
897 1361 1030 1438 proiecta
1053 1363 1112 1424 alia
1134 1381 1231 1424 causa.

63 1449 157 1506 Amor
172 1447 264 1514 onim,
280 1445 533 1522 eiquo-amicitia
546 1447 702 1508 commata
715 1452 769 1511 eat
785 1448 932 1528 princeps¹
942 1452 987 1508 est
1001 1446 1038 1510 ad
1055 1446 1234 1510 benevolam

63 1535 139 1592 tiam
155 1528 404 1605 coniungendam.
427 1527 661 1592 Nomtutmttta
677 1528 798 1606 quidem
813 1532 901 1592 etiam
918 1528 954 1592 ab
970 1532 1010 1592 iis
1023 1533 1235 1611 percipiuntur

65 1634 169 1696 saepo.
194 1616 245 1696 qui
266 1612 464 1674 simulatione
479 1615 628 1680 amicitiae
652 1614 802 1696 colunturv
815 1621 845 1674 et
870 1614 1068 1678 observantur
1090 1621 1234 1696 temporis

65 1719 173 1770 eausa;
188 1702 219 1760 in
229 1698 367 1759 amicitia
379 1698 564 1760 autamnibil
579 1697 838 1766 accommanda
853 1700 1025 1764 simulatum
1036 1709 1074 1769 et,
1091 1703 1234 1783 quicquid

65 1797 121 1854 est,
145 1785 175 1845 id
198 1791 244 1844 cst
259 1799 361 1842 verum
384 1789 414 1842 et
426 1783 637 1846 voluntarium.
667 1783 854 1863 Quapropter
870 1803 886 1845 a
901 1793 1006 1848 natura
1021 1786 1096 1848 mibi
1116 1787 1286 1852 videtur27

65 1873 168 1950 potius
190 1885 278 1948 mam
299 1865 340 1928 ab
358 1866 527 1945 indigentia
550 1875 614 1928 arta
636 1869 781 1938 amicitia,
806 1869 1003 1948 applicatione
1025 1873 1121 1949 magis
1142 1873 1235 1934 animi

65 1974 136 2015 com
163 1951 291 2033 quodam
319 1969 409 2012 sensu
437 1952 570 2021 amandi,
605 1970 695 2032 quam
723 1953 903 2031 cogitatione
936 1949 1078 2034 quantum
1106 1955 1157 2018 illa
1185 1975 1234 2018 res

66 2040 208 2100 utilitatis
230 2043 310 2098 esset
331 2035 481 2098 habitura.
526 2034 611 2106 Ouod
634 2035 755 2114 quidem
777 2039 870 2117 quala·
887 2041 939 2107 sit,
964 2041 1053 2101 etiarn
1075 2041 1106 2100 iu
1129 2040 1235 2102 bestiis

67 2121 247 2204 quibusdam
263 2121 459 2182 animadverti
476 2130 583 2202 potest,
607 2139 683 2200 quae
699 2139 734 2182 ex
750 2139 782 2182 se
798 2132 884 2182 natos
906 2126 947 2183 ita
963 2131 1062 2184 amant
1083 2125 1119 2185 ad
1141 2125 1235 2206 quod·

68 2213 137 2270 dam
152 2216 270 2288 tempus
285 2213 320 2266 et·
333 2203 370 2266 ab
387 2209 431 2266 eis
452 2208 494 2290 ita
510 2213 657 2275 amantur,
680 2214 714 2266 ut
734 2206 821 2267 lacile
844 2225 945 2268 earum
963 2227 1067 2270 sensus
1082 2217 1234 2290 appareat.

70 2292 156 2366 Quod
177 2295 211 2354 in
233 2288 353 2352 homine
370 2289 463 2354 multo
479 2298 525 2360 est
547 2291 721 2359 evidentius,
745 2293 875 2370 primum
897 2309 991 2355 crea
1013 2296 1136 2356 caritate
1160 2313 1235 2376 quae

69 2388 115 2440 cst
137 2381 216 2442 inter
231 2384 317 2438 natos
331 2383 372 2436 et
384 2384 537 2456 parentes,
562 2395 637 2456 quac
653 2377 755 2436 dirimi
777 2378 836 2436 nisi
858 2377 1030 2440 detestabili
1045 2377 1159 2441 scelere
1175 2397 1235 2440 noo

107 2557 182 2628 (laid
195 2552 367 2611 amicitiara?
384 2569 475 2609 aoniae
488 2555 569 2624 facile
583 2553 627 2610 ei?
681 2555 859 2624 Propositton
874 2555 957 2624 steht,
971 2557 1035 2610 weil
1041 2556 1107 2626 jane
1116 2558 1239 2629 Begriffe

68 2625 435 2698 DieErgimzungliegiin
448 2626 503 2680 den
517 2626 628 2680 vorbor-
681 2625 924 2698 gewissermassen
960 2627 1165 2696 personifioiert
1196 2631 1239 2684 ala

68 2699 216 2771 gebendeu
234 2698 353 2752 Worteo
370 2696 420 2750 dea
438 2696 569 2751 Fannius.
677 2699 873 2766 procreatrices
905 2697 1042 2752 amicitiae
1072 2697 1240 2770 hingestellt

105 2777 129 2837 ξ.
141 2775 184 2826 26.
200 2767 362 2841 Saepissime
375 2767 486 2822 raibi—
496 2769 629 2838 capitanii
681 2767 795 2822 werden
814 2767 909 2822 sollen.

68 2873 105 2882 -
120 2842 208 2897 uideri
221 2841 293 2896 colei.
316 2838 440 2894 Ahulich
452 2839 572 2909 beginni
585 2837 628 2893 Oi·
712 2840 809 2908 potine
817 2839 898 2894 weisb
907 2838 1009 2894 aufdie
1019 2845 1144 2910 gedaserc
1154 2841 1238 2896 Rich-

70 2930 149 2968 ceros
168 2911 273 2966 Schrifi
286 2911 323 2965 de
341 2916 461 2965 aratore:
490 2910 629 2980 Uopitaati
682 2909 797 2980 tigkeitn
830 2911 916 2980 mapie
949 2911 999 2964 auf
1029 2911 1082 2966 deu
1113 2913 1237 2968 biberen

69 2985 138 3038 aiibi
155 2997 345 3052 coepeaaaeero
358 3011 393 3022 -
403 2982 527 3050 perbeati
543 2982 629 3050 fricco
683 2980 758 3036 Grad
775 2979 833 3034 bin.

69 3087 104 3095 —-
124 3055 168 3110 itti
185 3055 274 3108 rideri
291 3055 383 3108 soleat.
717 3053 880 3120 quibasdam
897 3053 935 3107 isc
953 3071 987 3106 au
1002 3053 1093 3109 bestiis
1105 3055 1239 3126 hinzuge-

100 3130 193 3194 poscet
215 3150 248 3170 =
267 3125 371 3190 facere,
394 3123 498 3178 habere
520 3126 628 3192 posset;
681 3122 752 3193 fiigt.
786 3121 866 3178 Denn
890 3121 955 3191 (Cic.
980 3125 1014 3178 de
1037 3125 1111 3180 deor.
1134 3129 1198 3190 nat„
1213 3134 1237 3194 2,

70 3197 185 3252 bhnlich
203 3195 243 3250 im
260 3193 428 3250 Deutachen.
683 3199 729 3262 51,
746 3195 806 3262 129)
816 3195 939 3262 piceas,
961 3200 993 3248 ai
1007 3197 1100 3262 ainai,
1113 3213 1165 3252 aaa
1178 3214 1240 3252 rara

105 3263 628 3336 abaco.Dievorhergehendendumh
681 3270 845 3334 penderant,
864 3265 1036 3335 roborarat,-
1053 3269 1241 3324 teetadiaee

69 3339 224 3394 desiderata
241 3339 277 3392 aii
294 3337 449 3407 bediagten
462 3333 629 3406 imperfecto
683 3341 772 3390 autem
794 3341 819 3390 ei
842 3337 1029 3392 crocodilos
1047 3341 1156 3406 dicant,
1179 3356 1240 3394 cam

69 3411 158 3464 leiten
184 3408 394 3463 unwilllriirlich
417 3407 489 3462 auch
511 3405 541 3460 in
565 3407 629 3459 dem
682 3407 714 3460 ia
732 3411 806 3462 terra
824 3412 938 3474 partam
957 3409 1104 3477 ediderint,
1127 3411 1239 3465 obruere

70 3480 189 3536 aweiten
203 3479 301 3534 Theile
316 3479 364 3532 der
374 3477 464 3549 Frage
478 3493 541 3531 anm
552 3475 628 3546 conj.
683 3493 747 3544 aaa,
767 3478 863 3532 danie
881 3479 1021 3533 discedere.

71 3551 184 3620 Imperi.
719 3565 752 3602 ecc
761 3565 788 3602 ee
797 3554 886 3616 actae,
899 3565 984 3603 masc.
995 3551 1067 3604 auch
1076 3567 1133 3605 von
1147 3551 1240 3606 bmtiic

107 3624 166 3676 alia
184 3637 270 3676 eaaea
288 3643 321 3666 =
339 3619 463 3689 ²Subjcci.
483 3647 517 3658 ——
534 3617 629 3672 Durch
683 3621 732 3686 (ε
751 3621 897 3689 pallos),
924 3619 977 3674 wie
1005 3637 1061 3676 von
1087 3621 1239 3678 Menschen

70 3694 116 3747 die
126 3691 523 3762 nunlolgendeBegm'indung
533 3689 629 3756 (Amor
684 3689 748 3757 (Cic.
769 3691 803 3744 de
818 3691 892 3744 deor.
907 3693 964 3744 nai.
980 3698 1010 3760 2,
1030 3699 1076 3760 24,
1097 3699 1129 3747 62
1144 3709 1178 3747 erc
1191 3709 1239 3748 aa·

71 3766 143 3818 caira
156 3765 235 3833 usa.)
249 3761 413 3818 bezeichnen
426 3759 482 3824 oio„
498 3761 552 3814 deu
561 3757 628 3814 leia·
683 3762 724 3815 bie
734 3765 814 3814 natac
824 3761 948 3816 liberae
957 3763 1144 3834 appellareris).
1155 3765 1241 3819 Sonat

70 3837 120 3888 ten
144 3835 206 3889 Teil
230 3834 279 3888 der
301 3831 551 3904 corbergehenden
574 3831 628 3886 dis·
681 3831 793 3886 hoiaaen
815 3831 861 3886 die
879 3832 990 3904 Jungen
1014 3836 1085 3890 anah
1108 3835 1147 3888 im
1164 3835 1239 3889 Neu-

69 3906 216 3976 junctiven
224 3905 317 3976 Frage
327 3905 369 3960 als
380 3905 433 3958 den
442 3901 629 3958 wabrachein-
682 3905 770 3956 trum:
785 3919 817 3958 ea
830 3919 899 3974 qaae
913 3906 1238 3974 beotiaeprocreareraat.
1323 3956 1324 3960 ,

70 3977 204 4030 licheren.
719 3975 756 4027 ad
774 3975 910 4043 qaaaiaiara
927 3981 1032 4046 teriaca
1049 4002 1082 4022 =
1101 3991 1185 4044 usqae
1203 3977 1241 4032 aci

103 4049 234 4117 princepe
244 4051 282 4102 eet
291 4048 329 4102 ad
338 4071 371 4092 ε
381 4046 487 4116 primus
498 4043 629 4099 duciiad.
684 4059 743 4097 cara
756 4045 837 4112 fircera
850 4047 915 4100 dara
923 4049 1033 4116 poseiat
1045 4063 1072 4101 se
1085 4049 1141 4114 ipsi
1150 4047 1239 4113 defen

108 4119 143 4172 ab
162 4120 199 4172 iis
212 4118 408 4187 percipiamtcrr
426 4143 460 4164 ε
479 4117 514 4172 ab
532 4117 569 4171 iis
586 4115 630 4170 ba·
684 4116 746 4169 dere
764 4113 829 4182 (Cic.
850 4117 884 4171 de
903 4117 929 4171 d.
948 4121 1006 4171 nat.
1027 4125 1056 4184 2,
1076 4123 1121 4185 51,
1142 4121 1211 4187 129).

71 4192 158 4244 ariaec
171 4190 338 4258 percipirmt.
720 4187 816 4242 dirimi
843 4186 994 4242 detestabili
1020 4189 1129 4254 sceiere;
1156 4208 1180 4245 z.
1207 4189 1238 4244 Β,

109 4265 132 4326 ξ,
153 4266 195 4314 nt.
224 4277 242 4314 a
260 4265 363 4314 antara
381 4289 416 4298 -—
435 4259 469 4313 ob
494 4258 550 4312 iad.
578 4255 630 4310 Dic
685 4257 823 4313 awischcn
841 4258 872 4311 L.
886 4259 986 4314 lunius
1000 4258 1103 4314 Brutus
1116 4261 1174 4314 und
1189 4261 1240 4316 sei-
